Date;Time;Sequence;DepthSequence;Price;Volume;TradeType;AskPrice;BidPrice;AskSize;BidSize;TotalAskDepth;TotalBidDepth;AskDOMPrice;BidDOMPrice;AskDOM_0;BidDOM_0;AskDOM_1;BidDOM_1;AskDOM_2;BidDOM_2;AskDOM_3;BidDOM_3;AskDOM_4;BidDOM_4;AskDOM_5;BidDOM_5;AskDOM_6;BidDOM_6;AskDOM_7;BidDOM_7;AskDOM_8;BidDOM_8;AskDOM_9;BidDOM_9;AskDOM_10;BidDOM_10;AskDOM_11;BidDOM_11;AskDOM_12;BidDOM_12;AskDOM_13;BidDOM_13;AskDOM_14;BidDOM_14;AskDOM_15;BidDOM_15;AskDOM_16;BidDOM_16;AskDOM_17;BidDOM_17;AskDOM_18;BidDOM_18;AskDOM_19;BidDOM_19;AskDOM_20;BidDOM_20;AskDOM_21;BidDOM_21;AskDOM_22;BidDOM_22;AskDOM_23;BidDOM_23;AskDOM_24;BidDOM_24;AskDOM_25;BidDOM_25;AskDOM_26;BidDOM_26;AskDOM_27;BidDOM_27;AskDOM_28;BidDOM_28;AskDOM_29;BidDOM_29;AskDOM_30;BidDOM_30;AskDOM_31;BidDOM_31;AskDOM_32;BidDOM_32;AskDOM_33;BidDOM_33;AskDOM_34;BidDOM_34;AskDOM_35;BidDOM_35;AskDOM_36;BidDOM_36;AskDOM_37;BidDOM_37;AskDOM_38;BidDOM_38;AskDOM_39;BidDOM_39
2022-01-24;13:30:00.5000;2314222;2314221;4347.75;1;2;4347.75;4347.5;12;34;331;332;4347.75;4347.5;11;35;60;25;34;23;20;24;27;29;30;32;35;46;34;34;30;33;42;53;44;51;33;34;42;41;35;45;44;61;40;40;47;57;54;47;43;64;35;44;39;57;57;55;47;121;62;72;57;79;72;86;49;103;57;66;46;68;53;72;53;176;52;69;47;72;61;70;51;72;51;69;51;68;49;65;44;108;50;77
2022-01-24;13:30:00.5001;2314223;2314221;4347.75;3;2;4347.75;4347.5;12;34;331;332;4347.75;4347.5;11;35;60;25;34;23;20;24;27;29;30;32;35;46;34;34;30;33;42;53;44;51;33;34;42;41;35;45;44;61;40;40;47;57;54;47;43;64;35;44;39;57;57;55;47;121;62;72;57;79;72;86;49;103;57;66;46;68;53;72;53;176;52;69;47;72;61;70;51;72;51;69;51;68;49;65;44;108;50;77
2022-01-24;13:30:00.5002;2314225;2314224;4347.75;1;2;4347.75;4347.5;8;34;324;332;4347.75;4347.5;11;35;60;25;34;23;20;24;27;29;30;32;35;46;34;34;30;33;42;53;44;51;33;34;42;41;35;45;44;61;40;40;47;57;54;47;43;64;35;44;39;57;57;55;47;121;62;72;57;79;72;86;49;103;57;66;46;68;53;72;53;176;52;69;47;72;61;70;51;72;51;69;51;68;49;65;44;108;50;77
2022-01-24;13:30:00.5003;2314226;2314224;4347.75;1;2;4347.75;4347.5;8;34;324;332;4347.75;4347.5;11;35;60;25;34;23;20;24;27;29;30;32;35;46;34;34;30;33;42;53;44;51;33;34;42;41;35;45;44;61;40;40;47;57;54;47;43;64;35;44;39;57;57;55;47;121;62;72;57;79;72;86;49;103;57;66;46;68;53;72;53;176;52;69;47;72;61;70;51;72;51;69;51;68;49;65;44;108;50;77
2022-01-24;13:30:00.5004;2314227;2314224;4347.75;1;2;4347.75;4347.5;8;34;324;332;4347.75;4347.5;11;35;60;25;34;23;20;24;27;29;30;32;35;46;34;34;30;33;42;53;44;51;33;34;42;41;35;45;44;61;40;40;47;57;54;47;43;64;35;44;39;57;57;55;47;121;62;72;57;79;72;86;49;103;57;66;46;68;53;72;53;176;52;69;47;72;61;70;51;72;51;69;51;68;49;65;44;108;50;77
2022-01-24;13:30:00.5005;2314229;2314228;4347.75;1;2;4347.75;4347.5;4;34;320;332;4347.75;4347.5;11;35;60;25;34;23;20;24;27;29;30;32;35;46;34;34;30;33;42;53;44;51;33;34;42;41;35;45;44;61;40;40;47;57;54;47;43;64;35;44;39;57;57;55;47;121;62;72;57;79;72;86;49;103;57;66;46;68;53;72;53;176;52;69;47;72;61;70;51;72;51;69;51;68;49;65;44;108;50;77
2022-01-24;13:30:00.5006;2314231;2314230;4347.75;2;2;4347.75;4347.5;3;34;319;332;4347.75;4347.5;11;35;60;25;34;23;20;24;27;29;30;32;35;46;34;34;30;33;42;53;44;51;33;34;42;41;35;45;44;61;40;40;47;57;54;47;43;64;35;44;39;57;57;55;47;121;62;72;57;79;72;86;49;103;57;66;46;68;53;72;53;176;52;69;47;72;61;70;51;72;51;69;51;68;49;65;44;108;50;77
2022-01-24;13:30:00.5007;2314232;2314230;4347.75;1;2;4347.75;4347.5;3;34;319;332;4347.75;4347.5;11;35;60;25;34;23;20;24;27;29;30;32;35;46;34;34;30;33;42;53;44;51;33;34;42;41;35;45;44;61;40;40;47;57;54;47;43;64;35;44;39;57;57;55;47;121;62;72;57;79;72;86;49;103;57;66;46;68;53;72;53;176;52;69;47;72;61;70;51;72;51;69;51;68;49;65;44;108;50;77
2022-01-24;13:30:00.6000;2314235;2314234;4347.75;1;2;4347.75;4347.5;3;34;319;332;4347.75;4347.5;11;35;60;25;34;23;20;24;27;29;30;32;35;46;34;34;30;33;42;53;44;51;33;34;42;41;35;45;44;61;40;40;47;57;54;47;43;64;35;44;39;57;57;55;47;121;62;72;57;79;72;86;49;103;57;66;46;68;53;72;53;176;52;69;47;72;61;70;51;72;51;69;51;68;49;65;44;108;50;77
2022-01-24;13:30:00.6001;2314237;2314236;4347.75;1;2;4347.75;4347.5;2;34;318;332;4347.75;4347.5;11;35;60;25;34;23;20;24;27;29;30;32;35;46;34;34;30;33;42;53;44;51;33;34;42;41;35;45;44;61;40;40;47;57;54;47;43;64;35;44;39;57;57;55;47;121;62;72;57;79;72;86;49;103;57;66;46;68;53;72;53;176;52;69;47;72;61;70;51;72;51;69;51;68;49;65;44;108;50;77
2022-01-24;13:30:00.6002;2314239;2314238;4347.75;1;2;4347.75;4347.5;1;34;317;332;4347.75;4347.5;11;35;60;25;34;23;20;24;27;29;30;32;35;46;34;34;30;33;42;53;44;51;33;34;42;41;35;45;44;61;40;40;47;57;54;47;43;64;35;44;39;57;57;55;47;121;62;72;57;79;72;86;49;103;57;66;46;68;53;72;53;176;52;69;47;72;61;70;51;72;51;69;51;68;49;65;44;108;50;77
2022-01-24;13:30:00.47000;2314246;2314245;4347.5;1;1;4348;4347.5;66;36;361;334;4347.75;4347.5;11;35;60;25;34;23;20;24;27;29;30;32;35;46;34;34;30;33;42;53;44;51;33;34;42;41;35;45;44;61;40;40;47;57;54;47;43;64;35;44;39;57;57;55;47;121;62;72;57;79;72;86;49;103;57;66;46;68;53;72;53;176;52;69;47;72;61;70;51;72;51;69;51;68;49;65;44;108;50;77
2022-01-24;13:30:00.107000;2314251;2314250;4347.75;1;2;4347.75;4347.5;3;36;322;334;4347.75;4347.5;11;35;60;25;34;23;20;24;27;29;30;32;35;46;34;34;30;33;42;53;44;51;33;34;42;41;35;45;44;61;40;40;47;57;54;47;43;64;35;44;39;57;57;55;47;121;62;72;57;79;72;86;49;103;57;66;46;68;53;72;53;176;52;69;47;72;61;70;51;72;51;69;51;68;49;65;44;108;50;77
2022-01-24;13:30:00.261000;2314260;2314259;4347.75;1;2;4347.75;4347.5;7;33;325;331;4347.75;4347.5;11;35;60;25;34;23;20;24;27;29;30;32;35;46;34;34;30;33;42;53;44;51;33;34;42;41;35;45;44;61;40;40;47;57;54;47;43;64;35;44;39;57;57;55;47;121;62;72;57;79;72;86;49;103;57;66;46;68;53;72;53;176;52;69;47;72;61;70;51;72;51;69;51;68;49;65;44;108;50;77
2022-01-24;13:30:00.509000;2314267;2314266;4347.75;1;2;4347.75;4347.5;4;38;320;336;4347.75;4347.5;11;35;60;25;34;23;20;24;27;29;30;32;35;46;34;34;30;33;42;53;44;51;33;34;42;41;35;45;44;61;40;40;47;57;54;47;43;64;35;44;39;57;57;55;47;121;62;72;57;79;72;86;49;103;57;66;46;68;53;72;53;176;52;69;47;72;61;70;51;72;51;69;51;68;49;65;44;108;50;77
2022-01-24;13:30:00.509001;2314268;2314266;4347.75;1;2;4347.75;4347.5;4;38;320;336;4347.75;4347.5;11;35;60;25;34;23;20;24;27;29;30;32;35;46;34;34;30;33;42;53;44;51;33;34;42;41;35;45;44;61;40;40;47;57;54;47;43;64;35;44;39;57;57;55;47;121;62;72;57;79;72;86;49;103;57;66;46;68;53;72;53;176;52;69;47;72;61;70;51;72;51;69;51;68;49;65;44;108;50;77
2022-01-24;13:30:00.509002;2314269;2314266;4347.75;1;2;4347.75;4347.5;4;38;320;336;4347.75;4347.5;11;35;60;25;34;23;20;24;27;29;30;32;35;46;34;34;30;33;42;53;44;51;33;34;42;41;35;45;44;61;40;40;47;57;54;47;43;64;35;44;39;57;57;55;47;121;62;72;57;79;72;86;49;103;57;66;46;68;53;72;53;176;52;69;47;72;61;70;51;72;51;69;51;68;49;65;44;108;50;77
2022-01-24;13:30:00.509003;2314271;2314270;4347.75;1;2;4347.75;4347.5;1;38;317;336;4347.75;4347.5;11;35;60;25;34;23;20;24;27;29;30;32;35;46;34;34;30;33;42;53;44;51;33;34;42;41;35;45;44;61;40;40;47;57;54;47;43;64;35;44;39;57;57;55;47;121;62;72;57;79;72;86;49;103;57;66;46;68;53;72;53;176;52;69;47;72;61;70;51;72;51;69;51;68;49;65;44;108;50;77
2022-01-24;13:30:00.509004;2314275;2314274;4347.75;1;1;4348;4347.75;64;2;360;286;4347.75;4347.5;11;35;60;25;34;23;20;24;27;29;30;32;35;46;34;34;30;33;42;53;44;51;33;34;42;41;35;45;44;61;40;40;47;57;54;47;43;64;35;44;39;57;57;55;47;121;62;72;57;79;72;86;49;103;57;66;46;68;53;72;53;176;52;69;47;72;61;70;51;72;51;69;51;68;49;65;44;108;50;77
2022-01-24;13:30:00.509005;2314276;2314274;4347.75;1;1;4348;4347.75;64;2;360;286;4347.75;4347.5;11;35;60;25;34;23;20;24;27;29;30;32;35;46;34;34;30;33;42;53;44;51;33;34;42;41;35;45;44;61;40;40;47;57;54;47;43;64;35;44;39;57;57;55;47;121;62;72;57;79;72;86;49;103;57;66;46;68;53;72;53;176;52;69;47;72;61;70;51;72;51;69;51;68;49;65;44;108;50;77
2022-01-24;13:30:00.509006;2314279;2314278;4347.75;1;2;4347.75;4347.5;1;37;317;336;4347.75;4347.5;11;35;60;25;34;23;20;24;27;29;30;32;35;46;34;34;30;33;42;53;44;51;33;34;42;41;35;45;44;61;40;40;47;57;54;47;43;64;35;44;39;57;57;55;47;121;62;72;57;79;72;86;49;103;57;66;46;68;53;72;53;176;52;69;47;72;61;70;51;72;51;69;51;68;49;65;44;108;50;77
2022-01-24;13:30:00.509007;2314282;2314281;4347.75;2;1;4348;4347.75;64;2;358;285;4347.75;4347.5;11;35;60;25;34;23;20;24;27;29;30;32;35;46;34;34;30;33;42;53;44;51;33;34;42;41;35;45;44;61;40;40;47;57;54;47;43;64;35;44;39;57;57;55;47;121;62;72;57;79;72;86;49;103;57;66;46;68;53;72;53;176;52;69;47;72;61;70;51;72;51;69;51;68;49;65;44;108;50;77
2022-01-24;13:30:01.53000;2314319;2314318;4347.75;1;2;4347.75;4347.5;12;35;321;334;4347.75;4347.5;13;35;57;25;34;23;20;24;27;28;30;32;35;46;34;34;30;33;42;53;44;51;33;34;42;41;35;45;44;61;40;40;47;57;58;47;43;64;35;44;39;57;57;55;47;121;62;72;57;79;72;86;49;103;57;66;46;68;53;72;53;176;52;69;47;70;61;70;51;72;51;69;51;68;49;65;44;108;50;77
2022-01-24;13:30:01.53001;2314320;2314318;4347.75;1;2;4347.75;4347.5;12;35;321;334;4347.75;4347.5;13;35;57;25;34;23;20;24;27;28;30;32;35;46;34;34;30;33;42;53;44;51;33;34;42;41;35;45;44;61;40;40;47;57;58;47;43;64;35;44;39;57;57;55;47;121;62;72;57;79;72;86;49;103;57;66;46;68;53;72;53;176;52;69;47;70;61;70;51;72;51;69;51;68;49;65;44;108;50;77
2022-01-24;13:30:01.53002;2314321;2314318;4347.75;1;2;4347.75;4347.5;12;35;321;334;4347.75;4347.5;13;35;57;25;34;23;20;24;27;28;30;32;35;46;34;34;30;33;42;53;44;51;33;34;42;41;35;45;44;61;40;40;47;57;58;47;43;64;35;44;39;57;57;55;47;121;62;72;57;79;72;86;49;103;57;66;46;68;53;72;53;176;52;69;47;70;61;70;51;72;51;69;51;68;49;65;44;108;50;77
2022-01-24;13:30:01.53003;2314322;2314318;4347.75;1;2;4347.75;4347.5;12;35;321;334;4347.75;4347.5;13;35;57;25;34;23;20;24;27;28;30;32;35;46;34;34;30;33;42;53;44;51;33;34;42;41;35;45;44;61;40;40;47;57;58;47;43;64;35;44;39;57;57;55;47;121;62;72;57;79;72;86;49;103;57;66;46;68;53;72;53;176;52;69;47;70;61;70;51;72;51;69;51;68;49;65;44;108;50;77
2022-01-24;13:30:01.53004;2314323;2314318;4347.75;2;2;4347.75;4347.5;12;35;321;334;4347.75;4347.5;13;35;57;25;34;23;20;24;27;28;30;32;35;46;34;34;30;33;42;53;44;51;33;34;42;41;35;45;44;61;40;40;47;57;58;47;43;64;35;44;39;57;57;55;47;121;62;72;57;79;72;86;49;103;57;66;46;68;53;72;53;176;52;69;47;70;61;70;51;72;51;69;51;68;49;65;44;108;50;77
2022-01-24;13:30:01.53005;2314324;2314318;4347.75;2;2;4347.75;4347.5;12;35;321;334;4347.75;4347.5;13;35;57;25;34;23;20;24;27;28;30;32;35;46;34;34;30;33;42;53;44;51;33;34;42;41;35;45;44;61;40;40;47;57;58;47;43;64;35;44;39;57;57;55;47;121;62;72;57;79;72;86;49;103;57;66;46;68;53;72;53;176;52;69;47;70;61;70;51;72;51;69;51;68;49;65;44;108;50;77
2022-01-24;13:30:01.668000;2314338;2314337;4347.75;1;2;4347.75;4347.5;14;31;323;330;4347.75;4347.5;13;35;57;25;34;23;20;24;27;28;30;32;35;46;34;34;30;33;42;53;44;51;33;34;42;41;35;45;44;61;40;40;47;57;58;47;43;64;35;44;39;57;57;55;47;121;62;72;57;79;72;86;49;103;57;66;46;68;53;72;53;176;52;69;47;70;61;70;51;72;51;69;51;68;49;65;44;108;50;77
2022-01-24;13:30:02.946000;2314349;2314348;4347.5;1;1;4347.75;4347.5;13;39;322;337;4347.5;4347.25;3;24;25;24;57;23;33;28;20;32;27;46;30;34;35;33;34;36;30;51;42;50;44;41;33;45;42;61;35;40;44;57;40;47;47;64;58;44;43;57;35;55;39;121;57;72;47;79;62;86;57;103;72;66;49;68;57;72;46;176;53;69;53;70;52;70;47;72;61;69;51;68;51;65;51;108;49;77;44;74
2022-01-24;13:30:02.946001;2314350;2314348;4347.5;19;1;4347.75;4347.5;13;39;322;337;4347.5;4347.25;3;24;25;24;57;23;33;28;20;32;27;46;30;34;35;33;34;36;30;51;42;50;44;41;33;45;42;61;35;40;44;57;40;47;47;64;58;44;43;57;35;55;39;121;57;72;47;79;62;86;57;103;72;66;49;68;57;72;46;176;53;69;53;70;52;70;47;72;61;69;51;68;51;65;51;108;49;77;44;74
2022-01-24;13:30:02.947000;2314352;2314351;4347.5;1;1;4347.75;4347.5;13;19;322;315;4347.5;4347.25;3;24;25;24;57;23;33;28;20;32;27;46;30;34;35;33;34;36;30;51;42;50;44;41;33;45;42;61;35;40;44;57;40;47;47;64;58;44;43;57;35;55;39;121;57;72;47;79;62;86;57;103;72;66;49;68;57;72;46;176;53;69;53;70;52;70;47;72;61;69;51;68;51;65;51;108;49;77;44;74
2022-01-24;13:30:02.947001;2314353;2314351;4347.5;2;1;4347.75;4347.5;13;19;322;315;4347.5;4347.25;3;24;25;24;57;23;33;28;20;32;27;46;30;34;35;33;34;36;30;51;42;50;44;41;33;45;42;61;35;40;44;57;40;47;47;64;58;44;43;57;35;55;39;121;57;72;47;79;62;86;57;103;72;66;49;68;57;72;46;176;53;69;53;70;52;70;47;72;61;69;51;68;51;65;51;108;49;77;44;74
2022-01-24;13:30:02.947002;2314354;2314351;4347.5;1;1;4347.75;4347.5;13;19;322;315;4347.5;4347.25;3;24;25;24;57;23;33;28;20;32;27;46;30;34;35;33;34;36;30;51;42;50;44;41;33;45;42;61;35;40;44;57;40;47;47;64;58;44;43;57;35;55;39;121;57;72;47;79;62;86;57;103;72;66;49;68;57;72;46;176;53;69;53;70;52;70;47;72;61;69;51;68;51;65;51;108;49;77;44;74
2022-01-24;13:30:02.947003;2314355;2314351;4347.5;2;1;4347.75;4347.5;13;19;322;315;4347.5;4347.25;3;24;25;24;57;23;33;28;20;32;27;46;30;34;35;33;34;36;30;51;42;50;44;41;33;45;42;61;35;40;44;57;40;47;47;64;58;44;43;57;35;55;39;121;57;72;47;79;62;86;57;103;72;66;49;68;57;72;46;176;53;69;53;70;52;70;47;72;61;69;51;68;51;65;51;108;49;77;44;74
2022-01-24;13:30:02.947004;2314356;2314351;4347.5;2;1;4347.75;4347.5;13;19;322;315;4347.5;4347.25;3;24;25;24;57;23;33;28;20;32;27;46;30;34;35;33;34;36;30;51;42;50;44;41;33;45;42;61;35;40;44;57;40;47;47;64;58;44;43;57;35;55;39;121;57;72;47;79;62;86;57;103;72;66;49;68;57;72;46;176;53;69;53;70;52;70;47;72;61;69;51;68;51;65;51;108;49;77;44;74
2022-01-24;13:30:02.947005;2314357;2314351;4347.5;2;1;4347.75;4347.5;13;19;322;315;4347.5;4347.25;3;24;25;24;57;23;33;28;20;32;27;46;30;34;35;33;34;36;30;51;42;50;44;41;33;45;42;61;35;40;44;57;40;47;47;64;58;44;43;57;35;55;39;121;57;72;47;79;62;86;57;103;72;66;49;68;57;72;46;176;53;69;53;70;52;70;47;72;61;69;51;68;51;65;51;108;49;77;44;74
2022-01-24;13:30:02.947006;2314358;2314351;4347.5;1;1;4347.75;4347.5;13;19;322;315;4347.5;4347.25;3;24;25;24;57;23;33;28;20;32;27;46;30;34;35;33;34;36;30;51;42;50;44;41;33;45;42;61;35;40;44;57;40;47;47;64;58;44;43;57;35;55;39;121;57;72;47;79;62;86;57;103;72;66;49;68;57;72;46;176;53;69;53;70;52;70;47;72;61;69;51;68;51;65;51;108;49;77;44;74
2022-01-24;13:30:02.947007;2314359;2314351;4347.5;1;1;4347.75;4347.5;13;19;322;315;4347.5;4347.25;3;24;25;24;57;23;33;28;20;32;27;46;30;34;35;33;34;36;30;51;42;50;44;41;33;45;42;61;35;40;44;57;40;47;47;64;58;44;43;57;35;55;39;121;57;72;47;79;62;86;57;103;72;66;49;68;57;72;46;176;53;69;53;70;52;70;47;72;61;69;51;68;51;65;51;108;49;77;44;74
2022-01-24;13:30:02.947008;2314360;2314351;4347.5;4;1;4347.75;4347.5;13;19;322;315;4347.5;4347.25;3;24;25;24;57;23;33;28;20;32;27;46;30;34;35;33;34;36;30;51;42;50;44;41;33;45;42;61;35;40;44;57;40;47;47;64;58;44;43;57;35;55;39;121;57;72;47;79;62;86;57;103;72;66;49;68;57;72;46;176;53;69;53;70;52;70;47;72;61;69;51;68;51;65;51;108;49;77;44;74
2022-01-24;13:30:02.947009;2314361;2314351;4347.5;1;1;4347.75;4347.5;13;19;322;315;4347.5;4347.25;3;24;25;24;57;23;33;28;20;32;27;46;30;34;35;33;34;36;30;51;42;50;44;41;33;45;42;61;35;40;44;57;40;47;47;64;58;44;43;57;35;55;39;121;57;72;47;79;62;86;57;103;72;66;49;68;57;72;46;176;53;69;53;70;52;70;47;72;61;69;51;68;51;65;51;108;49;77;44;74
2022-01-24;13:30:02.947010;2314362;2314351;4347.5;1;1;4347.75;4347.5;13;19;322;315;4347.5;4347.25;3;24;25;24;57;23;33;28;20;32;27;46;30;34;35;33;34;36;30;51;42;50;44;41;33;45;42;61;35;40;44;57;40;47;47;64;58;44;43;57;35;55;39;121;57;72;47;79;62;86;57;103;72;66;49;68;57;72;46;176;53;69;53;70;52;70;47;72;61;69;51;68;51;65;51;108;49;77;44;74
2022-01-24;13:30:02.948000;2314381;2314380;4347.5;1;2;4347.5;4347.25;10;18;304;324;4347.5;4347.25;3;24;25;24;57;23;33;28;20;32;27;46;30;34;35;33;34;36;30;51;42;50;44;41;33;45;42;61;35;40;44;57;40;47;47;64;58;44;43;57;35;55;39;121;57;72;47;79;62;86;57;103;72;66;49;68;57;72;46;176;53;69;53;70;52;70;47;72;61;69;51;68;51;65;51;108;49;77;44;74
2022-01-24;13:30:02.948001;2314382;2314380;4347.5;1;2;4347.5;4347.25;10;18;304;324;4347.5;4347.25;3;24;25;24;57;23;33;28;20;32;27;46;30;34;35;33;34;36;30;51;42;50;44;41;33;45;42;61;35;40;44;57;40;47;47;64;58;44;43;57;35;55;39;121;57;72;47;79;62;86;57;103;72;66;49;68;57;72;46;176;53;69;53;70;52;70;47;72;61;69;51;68;51;65;51;108;49;77;44;74
2022-01-24;13:30:02.948002;2314383;2314380;4347.5;1;2;4347.5;4347.25;10;18;304;324;4347.5;4347.25;3;24;25;24;57;23;33;28;20;32;27;46;30;34;35;33;34;36;30;51;42;50;44;41;33;45;42;61;35;40;44;57;40;47;47;64;58;44;43;57;35;55;39;121;57;72;47;79;62;86;57;103;72;66;49;68;57;72;46;176;53;69;53;70;52;70;47;72;61;69;51;68;51;65;51;108;49;77;44;74
2022-01-24;13:30:02.948003;2314387;2314386;4347.5;2;2;4347.5;4347.25;9;19;301;324;4347.5;4347.25;3;24;25;24;57;23;33;28;20;32;27;46;30;34;35;33;34;36;30;51;42;50;44;41;33;45;42;61;35;40;44;57;40;47;47;64;58;44;43;57;35;55;39;121;57;72;47;79;62;86;57;103;72;66;49;68;57;72;46;176;53;69;53;70;52;70;47;72;61;69;51;68;51;65;51;108;49;77;44;74
2022-01-24;13:30:05.517000;2314426;2314425;4347.5;1;2;4347.5;4347.25;15;30;305;334;4347.5;4347.25;15;14;24;22;56;22;34;28;20;32;27;46;30;34;35;33;34;36;30;51;42;50;44;41;33;45;42;61;35;40;44;57;40;50;47;64;58;44;43;57;35;55;39;121;57;72;47;79;62;86;57;103;72;66;49;68;57;72;46;176;53;69;53;70;52;70;47;72;61;69;51;68;51;65;51;108;49;77;44;74
2022-01-24;13:30:05.517001;2314427;2314425;4347.5;1;2;4347.5;4347.25;15;30;305;334;4347.5;4347.25;15;14;24;22;56;22;34;28;20;32;27;46;30;34;35;33;34;36;30;51;42;50;44;41;33;45;42;61;35;40;44;57;40;50;47;64;58;44;43;57;35;55;39;121;57;72;47;79;62;86;57;103;72;66;49;68;57;72;46;176;53;69;53;70;52;70;47;72;61;69;51;68;51;65;51;108;49;77;44;74
2022-01-24;13:30:05.517002;2314428;2314425;4347.5;1;2;4347.5;4347.25;15;30;305;334;4347.5;4347.25;15;14;24;22;56;22;34;28;20;32;27;46;30;34;35;33;34;36;30;51;42;50;44;41;33;45;42;61;35;40;44;57;40;50;47;64;58;44;43;57;35;55;39;121;57;72;47;79;62;86;57;103;72;66;49;68;57;72;46;176;53;69;53;70;52;70;47;72;61;69;51;68;51;65;51;108;49;77;44;74
2022-01-24;13:30:05.517003;2314429;2314425;4347.5;1;2;4347.5;4347.25;15;30;305;334;4347.5;4347.25;15;14;24;22;56;22;34;28;20;32;27;46;30;34;35;33;34;36;30;51;42;50;44;41;33;45;42;61;35;40;44;57;40;50;47;64;58;44;43;57;35;55;39;121;57;72;47;79;62;86;57;103;72;66;49;68;57;72;46;176;53;69;53;70;52;70;47;72;61;69;51;68;51;65;51;108;49;77;44;74
2022-01-24;13:30:05.517004;2314430;2314425;4347.5;1;2;4347.5;4347.25;15;30;305;334;4347.5;4347.25;15;14;24;22;56;22;34;28;20;32;27;46;30;34;35;33;34;36;30;51;42;50;44;41;33;45;42;61;35;40;44;57;40;50;47;64;58;44;43;57;35;55;39;121;57;72;47;79;62;86;57;103;72;66;49;68;57;72;46;176;53;69;53;70;52;70;47;72;61;69;51;68;51;65;51;108;49;77;44;74
2022-01-24;13:30:05.517005;2314431;2314425;4347.5;2;2;4347.5;4347.25;15;30;305;334;4347.5;4347.25;15;14;24;22;56;22;34;28;20;32;27;46;30;34;35;33;34;36;30;51;42;50;44;41;33;45;42;61;35;40;44;57;40;50;47;64;58;44;43;57;35;55;39;121;57;72;47;79;62;86;57;103;72;66;49;68;57;72;46;176;53;69;53;70;52;70;47;72;61;69;51;68;51;65;51;108;49;77;44;74
2022-01-24;13:30:05.517006;2314432;2314425;4347.5;1;2;4347.5;4347.25;15;30;305;334;4347.5;4347.25;15;14;24;22;56;22;34;28;20;32;27;46;30;34;35;33;34;36;30;51;42;50;44;41;33;45;42;61;35;40;44;57;40;50;47;64;58;44;43;57;35;55;39;121;57;72;47;79;62;86;57;103;72;66;49;68;57;72;46;176;53;69;53;70;52;70;47;72;61;69;51;68;51;65;51;108;49;77;44;74
2022-01-24;13:30:05.517007;2314433;2314425;4347.5;3;2;4347.5;4347.25;15;30;305;334;4347.5;4347.25;15;14;24;22;56;22;34;28;20;32;27;46;30;34;35;33;34;36;30;51;42;50;44;41;33;45;42;61;35;40;44;57;40;50;47;64;58;44;43;57;35;55;39;121;57;72;47;79;62;86;57;103;72;66;49;68;57;72;46;176;53;69;53;70;52;70;47;72;61;69;51;68;51;65;51;108;49;77;44;74
2022-01-24;13:30:05.517008;2314434;2314425;4347.5;1;2;4347.5;4347.25;15;30;305;334;4347.5;4347.25;15;14;24;22;56;22;34;28;20;32;27;46;30;34;35;33;34;36;30;51;42;50;44;41;33;45;42;61;35;40;44;57;40;50;47;64;58;44;43;57;35;55;39;121;57;72;47;79;62;86;57;103;72;66;49;68;57;72;46;176;53;69;53;70;52;70;47;72;61;69;51;68;51;65;51;108;49;77;44;74
2022-01-24;13:30:05.517009;2314435;2314425;4347.5;2;2;4347.5;4347.25;15;30;305;334;4347.5;4347.25;15;14;24;22;56;22;34;28;20;32;27;46;30;34;35;33;34;36;30;51;42;50;44;41;33;45;42;61;35;40;44;57;40;50;47;64;58;44;43;57;35;55;39;121;57;72;47;79;62;86;57;103;72;66;49;68;57;72;46;176;53;69;53;70;52;70;47;72;61;69;51;68;51;65;51;108;49;77;44;74
2022-01-24;13:30:05.517010;2314438;2314437;4347.5;1;1;4347.75;4347.5;24;1;332;284;4347.5;4347.25;15;14;24;22;56;22;34;28;20;32;27;46;30;34;35;33;34;36;30;51;42;50;44;41;33;45;42;61;35;40;44;57;40;50;47;64;58;44;43;57;35;55;39;121;57;72;47;79;62;86;57;103;72;66;49;68;57;72;46;176;53;69;53;70;52;70;47;72;61;69;51;68;51;65;51;108;49;77;44;74
2022-01-24;13:30:05.517011;2314445;2314444;4347.5;1;1;4347.75;4347.5;24;4;332;294;4347.5;4347.25;15;14;24;22;56;22;34;28;20;32;27;46;30;34;35;33;34;36;30;51;42;50;44;41;33;45;42;61;35;40;44;57;40;50;47;64;58;44;43;57;35;55;39;121;57;72;47;79;62;86;57;103;72;66;49;68;57;72;46;176;53;69;53;70;52;70;47;72;61;69;51;68;51;65;51;108;49;77;44;74
2022-01-24;13:30:05.517012;2314450;2314449;4347.5;1;1;4347.75;4347.5;24;9;336;299;4346.5;4346.25;17;17;20;38;109;26;30;26;21;32;25;51;63;34;39;33;28;47;27;61;31;50;53;62;40;47;35;68;46;47;32;57;33;55;42;121;43;72;46;79;37;86;47;103;52;66;47;68;42;72;41;176;57;69;47;70;62;70;57;72;72;69;49;68;57;65;46;108;53;77;53;74;52;76;47;78;61;73;51;97
2022-01-24;13:30:05.517013;2314452;2314451;4347.5;1;1;4347.75;4347.5;24;8;336;298;4346.5;4346.25;17;17;20;38;109;26;30;26;21;32;25;51;63;34;39;33;28;47;27;61;31;50;53;62;40;47;35;68;46;47;32;57;33;55;42;121;43;72;46;79;37;86;47;103;52;66;47;68;42;72;41;176;57;69;47;70;62;70;57;72;72;69;49;68;57;65;46;108;53;77;53;74;52;76;47;78;61;73;51;97
2022-01-24;13:30:05.517014;2314464;2314463;4347.5;1;1;4347.75;4347.5;35;8;347;299;4346.5;4346.25;17;17;20;38;109;26;30;26;21;32;25;51;63;34;39;33;28;47;27;61;31;50;53;62;40;47;35;68;46;47;32;57;33;55;42;121;43;72;46;79;37;86;47;103;52;66;47;68;42;72;41;176;57;69;47;70;62;70;57;72;72;69;49;68;57;65;46;108;53;77;53;74;52;76;47;78;61;73;51;97
2022-01-24;13:30:05.517015;2314466;2314465;4347.5;1;1;4347.75;4347.5;35;7;347;298;4346.5;4346.25;17;17;20;38;109;26;30;26;21;32;25;51;63;34;39;33;28;47;27;61;31;50;53;62;40;47;35;68;46;47;32;57;33;55;42;121;43;72;46;79;37;86;47;103;52;66;47;68;42;72;41;176;57;69;47;70;62;70;57;72;72;69;49;68;57;65;46;108;53;77;53;74;52;76;47;78;61;73;51;97
2022-01-24;13:30:05.518000;2314471;2314470;4347.5;1;1;4347.75;4347.5;34;6;345;296;4346.5;4346.25;17;17;20;38;109;26;30;26;21;32;25;51;63;34;39;33;28;47;27;61;31;50;53;62;40;47;35;68;46;47;32;57;33;55;42;121;43;72;46;79;37;86;47;103;52;66;47;68;42;72;41;176;57;69;47;70;62;70;57;72;72;69;49;68;57;65;46;108;53;77;53;74;52;76;47;78;61;73;51;97
2022-01-24;13:30:05.518001;2314474;2314473;4347.5;1;1;4347.75;4347.5;35;5;346;295;4346.5;4346.25;17;17;20;38;109;26;30;26;21;32;25;51;63;34;39;33;28;47;27;61;31;50;53;62;40;47;35;68;46;47;32;57;33;55;42;121;43;72;46;79;37;86;47;103;52;66;47;68;42;72;41;176;57;69;47;70;62;70;57;72;72;69;49;68;57;65;46;108;53;77;53;74;52;76;47;78;61;73;51;97
2022-01-24;13:30:05.518002;2314475;2314473;4347.5;2;1;4347.75;4347.5;35;5;346;295;4346.5;4346.25;17;17;20;38;109;26;30;26;21;32;25;51;63;34;39;33;28;47;27;61;31;50;53;62;40;47;35;68;46;47;32;57;33;55;42;121;43;72;46;79;37;86;47;103;52;66;47;68;42;72;41;176;57;69;47;70;62;70;57;72;72;69;49;68;57;65;46;108;53;77;53;74;52;76;47;78;61;73;51;97
2022-01-24;13:30:05.518003;2314476;2314473;4347.5;2;1;4347.75;4347.5;35;5;346;295;4346.5;4346.25;17;17;20;38;109;26;30;26;21;32;25;51;63;34;39;33;28;47;27;61;31;50;53;62;40;47;35;68;46;47;32;57;33;55;42;121;43;72;46;79;37;86;47;103;52;66;47;68;42;72;41;176;57;69;47;70;62;70;57;72;72;69;49;68;57;65;46;108;53;77;53;74;52;76;47;78;61;73;51;97
2022-01-24;13:30:05.518004;2314480;2314479;4347.5;2;1;4347.75;4347.5;36;2;347;292;4346.5;4346.25;17;17;20;38;109;26;30;26;21;32;25;51;63;34;39;33;28;47;27;61;31;50;53;62;40;47;35;68;46;47;32;57;33;55;42;121;43;72;46;79;37;86;47;103;52;66;47;68;42;72;41;176;57;69;47;70;62;70;57;72;72;69;49;68;57;65;46;108;53;77;53;74;52;76;47;78;61;73;51;97
2022-01-24;13:30:05.518005;2314485;2314484;4347.5;1;2;4347.5;4347.25;3;35;309;341;4346.5;4346.25;17;17;20;38;109;26;30;26;21;32;25;51;63;34;39;33;28;47;27;61;31;50;53;62;40;47;35;68;46;47;32;57;33;55;42;121;43;72;46;79;37;86;47;103;52;66;47;68;42;72;41;176;57;69;47;70;62;70;57;72;72;69;49;68;57;65;46;108;53;77;53;74;52;76;47;78;61;73;51;97
2022-01-24;13:30:05.518006;2314486;2314484;4347.5;1;2;4347.5;4347.25;3;35;309;341;4346.5;4346.25;17;17;20;38;109;26;30;26;21;32;25;51;63;34;39;33;28;47;27;61;31;50;53;62;40;47;35;68;46;47;32;57;33;55;42;121;43;72;46;79;37;86;47;103;52;66;47;68;42;72;41;176;57;69;47;70;62;70;57;72;72;69;49;68;57;65;46;108;53;77;53;74;52;76;47;78;61;73;51;97
2022-01-24;13:30:05.519000;2314490;2314489;4347.5;1;2;4347.5;4347.25;3;39;311;345;4346.5;4346.25;17;17;20;38;109;26;30;26;21;32;25;51;63;34;39;33;28;47;27;61;31;50;53;62;40;47;35;68;46;47;32;57;33;55;42;121;43;72;46;79;37;86;47;103;52;66;47;68;42;72;41;176;57;69;47;70;62;70;57;72;72;69;49;68;57;65;46;108;53;77;53;74;52;76;47;78;61;73;51;97
2022-01-24;13:30:05.519001;2314492;2314491;4347.5;1;2;4347.5;4347.25;2;39;310;345;4346.5;4346.25;17;17;20;38;109;26;30;26;21;32;25;51;63;34;39;33;28;47;27;61;31;50;53;62;40;47;35;68;46;47;32;57;33;55;42;121;43;72;46;79;37;86;47;103;52;66;47;68;42;72;41;176;57;69;47;70;62;70;57;72;72;69;49;68;57;65;46;108;53;77;53;74;52;76;47;78;61;73;51;97
2022-01-24;13:30:05.519002;2314494;2314493;4347.5;1;2;4347.5;4347.25;1;39;309;345;4346.5;4346.25;17;17;20;38;109;26;30;26;21;32;25;51;63;34;39;33;28;47;27;61;31;50;53;62;40;47;35;68;46;47;32;57;33;55;42;121;43;72;46;79;37;86;47;103;52;66;47;68;42;72;41;176;57;69;47;70;62;70;57;72;72;69;49;68;57;65;46;108;53;77;53;74;52;76;47;78;61;73;51;97
2022-01-24;13:30:05.550000;2314507;2314506;4347.25;17;1;4347.75;4347.25;32;35;344;342;4346.5;4346.25;17;17;20;38;109;26;30;26;21;32;25;51;63;34;39;33;28;47;27;61;31;50;53;62;40;47;35;68;46;47;32;57;33;55;42;121;43;72;46;79;37;86;47;103;52;66;47;68;42;72;41;176;57;69;47;70;62;70;57;72;72;69;49;68;57;65;46;108;53;77;53;74;52;76;47;78;61;73;51;97
2022-01-24;13:30:05.550001;2314508;2314506;4347.25;1;1;4347.75;4347.25;32;35;344;342;4346.5;4346.25;17;17;20;38;109;26;30;26;21;32;25;51;63;34;39;33;28;47;27;61;31;50;53;62;40;47;35;68;46;47;32;57;33;55;42;121;43;72;46;79;37;86;47;103;52;66;47;68;42;72;41;176;57;69;47;70;62;70;57;72;72;69;49;68;57;65;46;108;53;77;53;74;52;76;47;78;61;73;51;97
2022-01-24;13:30:05.550002;2314509;2314506;4347.25;1;1;4347.75;4347.25;32;35;344;342;4346.5;4346.25;17;17;20;38;109;26;30;26;21;32;25;51;63;34;39;33;28;47;27;61;31;50;53;62;40;47;35;68;46;47;32;57;33;55;42;121;43;72;46;79;37;86;47;103;52;66;47;68;42;72;41;176;57;69;47;70;62;70;57;72;72;69;49;68;57;65;46;108;53;77;53;74;52;76;47;78;61;73;51;97
2022-01-24;13:30:05.550003;2314510;2314506;4347.25;2;1;4347.75;4347.25;32;35;344;342;4346.5;4346.25;17;17;20;38;109;26;30;26;21;32;25;51;63;34;39;33;28;47;27;61;31;50;53;62;40;47;35;68;46;47;32;57;33;55;42;121;43;72;46;79;37;86;47;103;52;66;47;68;42;72;41;176;57;69;47;70;62;70;57;72;72;69;49;68;57;65;46;108;53;77;53;74;52;76;47;78;61;73;51;97
2022-01-24;13:30:05.550004;2314511;2314506;4347.25;1;1;4347.75;4347.25;32;35;344;342;4346.5;4346.25;17;17;20;38;109;26;30;26;21;32;25;51;63;34;39;33;28;47;27;61;31;50;53;62;40;47;35;68;46;47;32;57;33;55;42;121;43;72;46;79;37;86;47;103;52;66;47;68;42;72;41;176;57;69;47;70;62;70;57;72;72;69;49;68;57;65;46;108;53;77;53;74;52;76;47;78;61;73;51;97
2022-01-24;13:30:05.550005;2314512;2314506;4347.25;1;1;4347.75;4347.25;32;35;344;342;4346.5;4346.25;17;17;20;38;109;26;30;26;21;32;25;51;63;34;39;33;28;47;27;61;31;50;53;62;40;47;35;68;46;47;32;57;33;55;42;121;43;72;46;79;37;86;47;103;52;66;47;68;42;72;41;176;57;69;47;70;62;70;57;72;72;69;49;68;57;65;46;108;53;77;53;74;52;76;47;78;61;73;51;97
2022-01-24;13:30:05.550006;2314513;2314506;4347.25;2;1;4347.75;4347.25;32;35;344;342;4346.5;4346.25;17;17;20;38;109;26;30;26;21;32;25;51;63;34;39;33;28;47;27;61;31;50;53;62;40;47;35;68;46;47;32;57;33;55;42;121;43;72;46;79;37;86;47;103;52;66;47;68;42;72;41;176;57;69;47;70;62;70;57;72;72;69;49;68;57;65;46;108;53;77;53;74;52;76;47;78;61;73;51;97
2022-01-24;13:30:05.550007;2314514;2314506;4347.25;3;1;4347.75;4347.25;32;35;344;342;4346.5;4346.25;17;17;20;38;109;26;30;26;21;32;25;51;63;34;39;33;28;47;27;61;31;50;53;62;40;47;35;68;46;47;32;57;33;55;42;121;43;72;46;79;37;86;47;103;52;66;47;68;42;72;41;176;57;69;47;70;62;70;57;72;72;69;49;68;57;65;46;108;53;77;53;74;52;76;47;78;61;73;51;97
2022-01-24;13:30:05.550008;2314515;2314506;4347.25;1;1;4347.75;4347.25;32;35;344;342;4346.5;4346.25;17;17;20;38;109;26;30;26;21;32;25;51;63;34;39;33;28;47;27;61;31;50;53;62;40;47;35;68;46;47;32;57;33;55;42;121;43;72;46;79;37;86;47;103;52;66;47;68;42;72;41;176;57;69;47;70;62;70;57;72;72;69;49;68;57;65;46;108;53;77;53;74;52;76;47;78;61;73;51;97
2022-01-24;13:30:05.550009;2314516;2314506;4347.25;1;1;4347.75;4347.25;32;35;344;342;4346.5;4346.25;17;17;20;38;109;26;30;26;21;32;25;51;63;34;39;33;28;47;27;61;31;50;53;62;40;47;35;68;46;47;32;57;33;55;42;121;43;72;46;79;37;86;47;103;52;66;47;68;42;72;41;176;57;69;47;70;62;70;57;72;72;69;49;68;57;65;46;108;53;77;53;74;52;76;47;78;61;73;51;97
2022-01-24;13:30:05.550010;2314517;2314506;4347.25;1;1;4347.75;4347.25;32;35;344;342;4346.5;4346.25;17;17;20;38;109;26;30;26;21;32;25;51;63;34;39;33;28;47;27;61;31;50;53;62;40;47;35;68;46;47;32;57;33;55;42;121;43;72;46;79;37;86;47;103;52;66;47;68;42;72;41;176;57;69;47;70;62;70;57;72;72;69;49;68;57;65;46;108;53;77;53;74;52;76;47;78;61;73;51;97
2022-01-24;13:30:05.550011;2314518;2314506;4347.25;1;1;4347.75;4347.25;32;35;344;342;4346.5;4346.25;17;17;20;38;109;26;30;26;21;32;25;51;63;34;39;33;28;47;27;61;31;50;53;62;40;47;35;68;46;47;32;57;33;55;42;121;43;72;46;79;37;86;47;103;52;66;47;68;42;72;41;176;57;69;47;70;62;70;57;72;72;69;49;68;57;65;46;108;53;77;53;74;52;76;47;78;61;73;51;97
2022-01-24;13:30:05.550012;2314519;2314506;4347.25;2;1;4347.75;4347.25;32;35;344;342;4346.5;4346.25;17;17;20;38;109;26;30;26;21;32;25;51;63;34;39;33;28;47;27;61;31;50;53;62;40;47;35;68;46;47;32;57;33;55;42;121;43;72;46;79;37;86;47;103;52;66;47;68;42;72;41;176;57;69;47;70;62;70;57;72;72;69;49;68;57;65;46;108;53;77;53;74;52;76;47;78;61;73;51;97
2022-01-24;13:30:05.550013;2314520;2314506;4347.25;1;1;4347.75;4347.25;32;35;344;342;4346.5;4346.25;17;17;20;38;109;26;30;26;21;32;25;51;63;34;39;33;28;47;27;61;31;50;53;62;40;47;35;68;46;47;32;57;33;55;42;121;43;72;46;79;37;86;47;103;52;66;47;68;42;72;41;176;57;69;47;70;62;70;57;72;72;69;49;68;57;65;46;108;53;77;53;74;52;76;47;78;61;73;51;97
2022-01-24;13:30:05.550014;2314521;2314506;4347.25;1;1;4347.75;4347.25;32;35;344;342;4346.5;4346.25;17;17;20;38;109;26;30;26;21;32;25;51;63;34;39;33;28;47;27;61;31;50;53;62;40;47;35;68;46;47;32;57;33;55;42;121;43;72;46;79;37;86;47;103;52;66;47;68;42;72;41;176;57;69;47;70;62;70;57;72;72;69;49;68;57;65;46;108;53;77;53;74;52;76;47;78;61;73;51;97
2022-01-24;13:30:05.550015;2314522;2314506;4347;1;1;4347.75;4347.25;32;35;344;342;4346.5;4346.25;17;17;20;38;109;26;30;26;21;32;25;51;63;34;39;33;28;47;27;61;31;50;53;62;40;47;35;68;46;47;32;57;33;55;42;121;43;72;46;79;37;86;47;103;52;66;47;68;42;72;41;176;57;69;47;70;62;70;57;72;72;69;49;68;57;65;46;108;53;77;53;74;52;76;47;78;61;73;51;97
2022-01-24;13:30:05.550016;2314523;2314506;4347;1;1;4347.75;4347.25;32;35;344;342;4346.5;4346.25;17;17;20;38;109;26;30;26;21;32;25;51;63;34;39;33;28;47;27;61;31;50;53;62;40;47;35;68;46;47;32;57;33;55;42;121;43;72;46;79;37;86;47;103;52;66;47;68;42;72;41;176;57;69;47;70;62;70;57;72;72;69;49;68;57;65;46;108;53;77;53;74;52;76;47;78;61;73;51;97
2022-01-24;13:30:05.550017;2314524;2314506;4347;2;1;4347.75;4347.25;32;35;344;342;4346.5;4346.25;17;17;20;38;109;26;30;26;21;32;25;51;63;34;39;33;28;47;27;61;31;50;53;62;40;47;35;68;46;47;32;57;33;55;42;121;43;72;46;79;37;86;47;103;52;66;47;68;42;72;41;176;57;69;47;70;62;70;57;72;72;69;49;68;57;65;46;108;53;77;53;74;52;76;47;78;61;73;51;97
2022-01-24;13:30:05.550018;2314525;2314506;4347;1;1;4347.75;4347.25;32;35;344;342;4346.5;4346.25;17;17;20;38;109;26;30;26;21;32;25;51;63;34;39;33;28;47;27;61;31;50;53;62;40;47;35;68;46;47;32;57;33;55;42;121;43;72;46;79;37;86;47;103;52;66;47;68;42;72;41;176;57;69;47;70;62;70;57;72;72;69;49;68;57;65;46;108;53;77;53;74;52;76;47;78;61;73;51;97
2022-01-24;13:30:05.550019;2314526;2314506;4347;1;1;4347.75;4347.25;32;35;344;342;4346.5;4346.25;17;17;20;38;109;26;30;26;21;32;25;51;63;34;39;33;28;47;27;61;31;50;53;62;40;47;35;68;46;47;32;57;33;55;42;121;43;72;46;79;37;86;47;103;52;66;47;68;42;72;41;176;57;69;47;70;62;70;57;72;72;69;49;68;57;65;46;108;53;77;53;74;52;76;47;78;61;73;51;97
2022-01-24;13:30:05.550020;2314527;2314506;4347;1;1;4347.75;4347.25;32;35;344;342;4346.5;4346.25;17;17;20;38;109;26;30;26;21;32;25;51;63;34;39;33;28;47;27;61;31;50;53;62;40;47;35;68;46;47;32;57;33;55;42;121;43;72;46;79;37;86;47;103;52;66;47;68;42;72;41;176;57;69;47;70;62;70;57;72;72;69;49;68;57;65;46;108;53;77;53;74;52;76;47;78;61;73;51;97
2022-01-24;13:30:05.550021;2314528;2314506;4347;2;1;4347.75;4347.25;32;35;344;342;4346.5;4346.25;17;17;20;38;109;26;30;26;21;32;25;51;63;34;39;33;28;47;27;61;31;50;53;62;40;47;35;68;46;47;32;57;33;55;42;121;43;72;46;79;37;86;47;103;52;66;47;68;42;72;41;176;57;69;47;70;62;70;57;72;72;69;49;68;57;65;46;108;53;77;53;74;52;76;47;78;61;73;51;97
2022-01-24;13:30:05.550022;2314529;2314506;4347;2;1;4347.75;4347.25;32;35;344;342;4346.5;4346.25;17;17;20;38;109;26;30;26;21;32;25;51;63;34;39;33;28;47;27;61;31;50;53;62;40;47;35;68;46;47;32;57;33;55;42;121;43;72;46;79;37;86;47;103;52;66;47;68;42;72;41;176;57;69;47;70;62;70;57;72;72;69;49;68;57;65;46;108;53;77;53;74;52;76;47;78;61;73;51;97
2022-01-24;13:30:05.550023;2314530;2314506;4347;1;1;4347.75;4347.25;32;35;344;342;4346.5;4346.25;17;17;20;38;109;26;30;26;21;32;25;51;63;34;39;33;28;47;27;61;31;50;53;62;40;47;35;68;46;47;32;57;33;55;42;121;43;72;46;79;37;86;47;103;52;66;47;68;42;72;41;176;57;69;47;70;62;70;57;72;72;69;49;68;57;65;46;108;53;77;53;74;52;76;47;78;61;73;51;97
2022-01-24;13:30:05.550024;2314531;2314506;4347;1;1;4347.75;4347.25;32;35;344;342;4346.5;4346.25;17;17;20;38;109;26;30;26;21;32;25;51;63;34;39;33;28;47;27;61;31;50;53;62;40;47;35;68;46;47;32;57;33;55;42;121;43;72;46;79;37;86;47;103;52;66;47;68;42;72;41;176;57;69;47;70;62;70;57;72;72;69;49;68;57;65;46;108;53;77;53;74;52;76;47;78;61;73;51;97
2022-01-24;13:30:05.550025;2314532;2314506;4347;1;1;4347.75;4347.25;32;35;344;342;4346.5;4346.25;17;17;20;38;109;26;30;26;21;32;25;51;63;34;39;33;28;47;27;61;31;50;53;62;40;47;35;68;46;47;32;57;33;55;42;121;43;72;46;79;37;86;47;103;52;66;47;68;42;72;41;176;57;69;47;70;62;70;57;72;72;69;49;68;57;65;46;108;53;77;53;74;52;76;47;78;61;73;51;97
2022-01-24;13:30:05.550026;2314533;2314506;4347;1;1;4347.75;4347.25;32;35;344;342;4346.5;4346.25;17;17;20;38;109;26;30;26;21;32;25;51;63;34;39;33;28;47;27;61;31;50;53;62;40;47;35;68;46;47;32;57;33;55;42;121;43;72;46;79;37;86;47;103;52;66;47;68;42;72;41;176;57;69;47;70;62;70;57;72;72;69;49;68;57;65;46;108;53;77;53;74;52;76;47;78;61;73;51;97
2022-01-24;13:30:05.550027;2314534;2314506;4347;1;1;4347.75;4347.25;32;35;344;342;4346.5;4346.25;17;17;20;38;109;26;30;26;21;32;25;51;63;34;39;33;28;47;27;61;31;50;53;62;40;47;35;68;46;47;32;57;33;55;42;121;43;72;46;79;37;86;47;103;52;66;47;68;42;72;41;176;57;69;47;70;62;70;57;72;72;69;49;68;57;65;46;108;53;77;53;74;52;76;47;78;61;73;51;97
2022-01-24;13:30:05.550028;2314535;2314506;4347;1;1;4347.75;4347.25;32;35;344;342;4346.5;4346.25;17;17;20;38;109;26;30;26;21;32;25;51;63;34;39;33;28;47;27;61;31;50;53;62;40;47;35;68;46;47;32;57;33;55;42;121;43;72;46;79;37;86;47;103;52;66;47;68;42;72;41;176;57;69;47;70;62;70;57;72;72;69;49;68;57;65;46;108;53;77;53;74;52;76;47;78;61;73;51;97
2022-01-24;13:30:05.550029;2314536;2314506;4347;1;1;4347.75;4347.25;32;35;344;342;4346.5;4346.25;17;17;20;38;109;26;30;26;21;32;25;51;63;34;39;33;28;47;27;61;31;50;53;62;40;47;35;68;46;47;32;57;33;55;42;121;43;72;46;79;37;86;47;103;52;66;47;68;42;72;41;176;57;69;47;70;62;70;57;72;72;69;49;68;57;65;46;108;53;77;53;74;52;76;47;78;61;73;51;97
2022-01-24;13:30:05.550030;2314537;2314506;4347;1;1;4347.75;4347.25;32;35;344;342;4346.5;4346.25;17;17;20;38;109;26;30;26;21;32;25;51;63;34;39;33;28;47;27;61;31;50;53;62;40;47;35;68;46;47;32;57;33;55;42;121;43;72;46;79;37;86;47;103;52;66;47;68;42;72;41;176;57;69;47;70;62;70;57;72;72;69;49;68;57;65;46;108;53;77;53;74;52;76;47;78;61;73;51;97
2022-01-24;13:30:05.642000;2314577;2314576;4347;1;1;4347.25;4347;9;13;297;342;4346.5;4346.25;17;17;20;38;109;26;30;26;21;32;25;51;63;34;39;33;28;47;27;61;31;50;53;62;40;47;35;68;46;47;32;57;33;55;42;121;43;72;46;79;37;86;47;103;52;66;47;68;42;72;41;176;57;69;47;70;62;70;57;72;72;69;49;68;57;65;46;108;53;77;53;74;52;76;47;78;61;73;51;97
2022-01-24;13:30:05.642001;2314578;2314576;4347;1;1;4347.25;4347;9;13;297;342;4346.5;4346.25;17;17;20;38;109;26;30;26;21;32;25;51;63;34;39;33;28;47;27;61;31;50;53;62;40;47;35;68;46;47;32;57;33;55;42;121;43;72;46;79;37;86;47;103;52;66;47;68;42;72;41;176;57;69;47;70;62;70;57;72;72;69;49;68;57;65;46;108;53;77;53;74;52;76;47;78;61;73;51;97
2022-01-24;13:30:05.642002;2314579;2314576;4347;1;1;4347.25;4347;9;13;297;342;4346.5;4346.25;17;17;20;38;109;26;30;26;21;32;25;51;63;34;39;33;28;47;27;61;31;50;53;62;40;47;35;68;46;47;32;57;33;55;42;121;43;72;46;79;37;86;47;103;52;66;47;68;42;72;41;176;57;69;47;70;62;70;57;72;72;69;49;68;57;65;46;108;53;77;53;74;52;76;47;78;61;73;51;97
2022-01-24;13:30:05.642003;2314580;2314576;4347;1;1;4347.25;4347;9;13;297;342;4346.5;4346.25;17;17;20;38;109;26;30;26;21;32;25;51;63;34;39;33;28;47;27;61;31;50;53;62;40;47;35;68;46;47;32;57;33;55;42;121;43;72;46;79;37;86;47;103;52;66;47;68;42;72;41;176;57;69;47;70;62;70;57;72;72;69;49;68;57;65;46;108;53;77;53;74;52;76;47;78;61;73;51;97
2022-01-24;13:30:05.642004;2314581;2314576;4347;1;1;4347.25;4347;9;13;297;342;4346.5;4346.25;17;17;20;38;109;26;30;26;21;32;25;51;63;34;39;33;28;47;27;61;31;50;53;62;40;47;35;68;46;47;32;57;33;55;42;121;43;72;46;79;37;86;47;103;52;66;47;68;42;72;41;176;57;69;47;70;62;70;57;72;72;69;49;68;57;65;46;108;53;77;53;74;52;76;47;78;61;73;51;97
2022-01-24;13:30:05.642005;2314582;2314576;4347;1;1;4347.25;4347;9;13;297;342;4346.5;4346.25;17;17;20;38;109;26;30;26;21;32;25;51;63;34;39;33;28;47;27;61;31;50;53;62;40;47;35;68;46;47;32;57;33;55;42;121;43;72;46;79;37;86;47;103;52;66;47;68;42;72;41;176;57;69;47;70;62;70;57;72;72;69;49;68;57;65;46;108;53;77;53;74;52;76;47;78;61;73;51;97
2022-01-24;13:30:05.642006;2314583;2314576;4347;2;1;4347.25;4347;9;13;297;342;4346.5;4346.25;17;17;20;38;109;26;30;26;21;32;25;51;63;34;39;33;28;47;27;61;31;50;53;62;40;47;35;68;46;47;32;57;33;55;42;121;43;72;46;79;37;86;47;103;52;66;47;68;42;72;41;176;57;69;47;70;62;70;57;72;72;69;49;68;57;65;46;108;53;77;53;74;52;76;47;78;61;73;51;97
2022-01-24;13:30:05.642007;2314584;2314576;4347;1;1;4347.25;4347;9;13;297;342;4346.5;4346.25;17;17;20;38;109;26;30;26;21;32;25;51;63;34;39;33;28;47;27;61;31;50;53;62;40;47;35;68;46;47;32;57;33;55;42;121;43;72;46;79;37;86;47;103;52;66;47;68;42;72;41;176;57;69;47;70;62;70;57;72;72;69;49;68;57;65;46;108;53;77;53;74;52;76;47;78;61;73;51;97
2022-01-24;13:30:05.642008;2314585;2314576;4347;1;1;4347.25;4347;9;13;297;342;4346.5;4346.25;17;17;20;38;109;26;30;26;21;32;25;51;63;34;39;33;28;47;27;61;31;50;53;62;40;47;35;68;46;47;32;57;33;55;42;121;43;72;46;79;37;86;47;103;52;66;47;68;42;72;41;176;57;69;47;70;62;70;57;72;72;69;49;68;57;65;46;108;53;77;53;74;52;76;47;78;61;73;51;97
2022-01-24;13:30:05.642009;2314586;2314576;4347;1;1;4347.25;4347;9;13;297;342;4346.5;4346.25;17;17;20;38;109;26;30;26;21;32;25;51;63;34;39;33;28;47;27;61;31;50;53;62;40;47;35;68;46;47;32;57;33;55;42;121;43;72;46;79;37;86;47;103;52;66;47;68;42;72;41;176;57;69;47;70;62;70;57;72;72;69;49;68;57;65;46;108;53;77;53;74;52;76;47;78;61;73;51;97
2022-01-24;13:30:05.642010;2314587;2314576;4347;1;1;4347.25;4347;9;13;297;342;4346.5;4346.25;17;17;20;38;109;26;30;26;21;32;25;51;63;34;39;33;28;47;27;61;31;50;53;62;40;47;35;68;46;47;32;57;33;55;42;121;43;72;46;79;37;86;47;103;52;66;47;68;42;72;41;176;57;69;47;70;62;70;57;72;72;69;49;68;57;65;46;108;53;77;53;74;52;76;47;78;61;73;51;97
2022-01-24;13:30:05.642011;2314588;2314576;4347;1;1;4347.25;4347;9;13;297;342;4346.5;4346.25;17;17;20;38;109;26;30;26;21;32;25;51;63;34;39;33;28;47;27;61;31;50;53;62;40;47;35;68;46;47;32;57;33;55;42;121;43;72;46;79;37;86;47;103;52;66;47;68;42;72;41;176;57;69;47;70;62;70;57;72;72;69;49;68;57;65;46;108;53;77;53;74;52;76;47;78;61;73;51;97
2022-01-24;13:30:05.642012;2314597;2314596;4346.75;1;1;4347;4346.75;91;22;355;366;4346.5;4346.25;17;17;20;38;109;26;30;26;21;32;25;51;63;34;39;33;28;47;27;61;31;50;53;62;40;47;35;68;46;47;32;57;33;55;42;121;43;72;46;79;37;86;47;103;52;66;47;68;42;72;41;176;57;69;47;70;62;70;57;72;72;69;49;68;57;65;46;108;53;77;53;74;52;76;47;78;61;73;51;97
2022-01-24;13:30:05.642013;2314598;2314596;4346.75;1;1;4347;4346.75;91;22;355;366;4346.5;4346.25;17;17;20;38;109;26;30;26;21;32;25;51;63;34;39;33;28;47;27;61;31;50;53;62;40;47;35;68;46;47;32;57;33;55;42;121;43;72;46;79;37;86;47;103;52;66;47;68;42;72;41;176;57;69;47;70;62;70;57;72;72;69;49;68;57;65;46;108;53;77;53;74;52;76;47;78;61;73;51;97
2022-01-24;13:30:05.642014;2314599;2314596;4346.75;5;1;4347;4346.75;91;22;355;366;4346.5;4346.25;17;17;20;38;109;26;30;26;21;32;25;51;63;34;39;33;28;47;27;61;31;50;53;62;40;47;35;68;46;47;32;57;33;55;42;121;43;72;46;79;37;86;47;103;52;66;47;68;42;72;41;176;57;69;47;70;62;70;57;72;72;69;49;68;57;65;46;108;53;77;53;74;52;76;47;78;61;73;51;97
2022-01-24;13:30:05.642015;2314600;2314596;4346.75;2;1;4347;4346.75;91;22;355;366;4346.5;4346.25;17;17;20;38;109;26;30;26;21;32;25;51;63;34;39;33;28;47;27;61;31;50;53;62;40;47;35;68;46;47;32;57;33;55;42;121;43;72;46;79;37;86;47;103;52;66;47;68;42;72;41;176;57;69;47;70;62;70;57;72;72;69;49;68;57;65;46;108;53;77;53;74;52;76;47;78;61;73;51;97
2022-01-24;13:30:05.642016;2314601;2314596;4346.75;1;1;4347;4346.75;91;22;355;366;4346.5;4346.25;17;17;20;38;109;26;30;26;21;32;25;51;63;34;39;33;28;47;27;61;31;50;53;62;40;47;35;68;46;47;32;57;33;55;42;121;43;72;46;79;37;86;47;103;52;66;47;68;42;72;41;176;57;69;47;70;62;70;57;72;72;69;49;68;57;65;46;108;53;77;53;74;52;76;47;78;61;73;51;97
2022-01-24;13:30:05.642017;2314602;2314596;4346.75;1;1;4347;4346.75;91;22;355;366;4346.5;4346.25;17;17;20;38;109;26;30;26;21;32;25;51;63;34;39;33;28;47;27;61;31;50;53;62;40;47;35;68;46;47;32;57;33;55;42;121;43;72;46;79;37;86;47;103;52;66;47;68;42;72;41;176;57;69;47;70;62;70;57;72;72;69;49;68;57;65;46;108;53;77;53;74;52;76;47;78;61;73;51;97
2022-01-24;13:30:05.642018;2314603;2314596;4346.75;2;1;4347;4346.75;91;22;355;366;4346.5;4346.25;17;17;20;38;109;26;30;26;21;32;25;51;63;34;39;33;28;47;27;61;31;50;53;62;40;47;35;68;46;47;32;57;33;55;42;121;43;72;46;79;37;86;47;103;52;66;47;68;42;72;41;176;57;69;47;70;62;70;57;72;72;69;49;68;57;65;46;108;53;77;53;74;52;76;47;78;61;73;51;97
2022-01-24;13:30:05.642019;2314604;2314596;4346.75;1;1;4347;4346.75;91;22;355;366;4346.5;4346.25;17;17;20;38;109;26;30;26;21;32;25;51;63;34;39;33;28;47;27;61;31;50;53;62;40;47;35;68;46;47;32;57;33;55;42;121;43;72;46;79;37;86;47;103;52;66;47;68;42;72;41;176;57;69;47;70;62;70;57;72;72;69;49;68;57;65;46;108;53;77;53;74;52;76;47;78;61;73;51;97
2022-01-24;13:30:05.642020;2314605;2314596;4346.75;1;1;4347;4346.75;91;22;355;366;4346.5;4346.25;17;17;20;38;109;26;30;26;21;32;25;51;63;34;39;33;28;47;27;61;31;50;53;62;40;47;35;68;46;47;32;57;33;55;42;121;43;72;46;79;37;86;47;103;52;66;47;68;42;72;41;176;57;69;47;70;62;70;57;72;72;69;49;68;57;65;46;108;53;77;53;74;52;76;47;78;61;73;51;97
2022-01-24;13:30:05.642021;2314606;2314596;4346.75;1;1;4347;4346.75;91;22;355;366;4346.5;4346.25;17;17;20;38;109;26;30;26;21;32;25;51;63;34;39;33;28;47;27;61;31;50;53;62;40;47;35;68;46;47;32;57;33;55;42;121;43;72;46;79;37;86;47;103;52;66;47;68;42;72;41;176;57;69;47;70;62;70;57;72;72;69;49;68;57;65;46;108;53;77;53;74;52;76;47;78;61;73;51;97
2022-01-24;13:30:05.642022;2314607;2314596;4346.75;1;1;4347;4346.75;91;22;355;366;4346.5;4346.25;17;17;20;38;109;26;30;26;21;32;25;51;63;34;39;33;28;47;27;61;31;50;53;62;40;47;35;68;46;47;32;57;33;55;42;121;43;72;46;79;37;86;47;103;52;66;47;68;42;72;41;176;57;69;47;70;62;70;57;72;72;69;49;68;57;65;46;108;53;77;53;74;52;76;47;78;61;73;51;97
2022-01-24;13:30:05.642023;2314608;2314596;4346.75;1;1;4347;4346.75;91;22;355;366;4346.5;4346.25;17;17;20;38;109;26;30;26;21;32;25;51;63;34;39;33;28;47;27;61;31;50;53;62;40;47;35;68;46;47;32;57;33;55;42;121;43;72;46;79;37;86;47;103;52;66;47;68;42;72;41;176;57;69;47;70;62;70;57;72;72;69;49;68;57;65;46;108;53;77;53;74;52;76;47;78;61;73;51;97
2022-01-24;13:30:05.642024;2314609;2314596;4346.75;1;1;4347;4346.75;91;22;355;366;4346.5;4346.25;17;17;20;38;109;26;30;26;21;32;25;51;63;34;39;33;28;47;27;61;31;50;53;62;40;47;35;68;46;47;32;57;33;55;42;121;43;72;46;79;37;86;47;103;52;66;47;68;42;72;41;176;57;69;47;70;62;70;57;72;72;69;49;68;57;65;46;108;53;77;53;74;52;76;47;78;61;73;51;97
2022-01-24;13:30:05.642025;2314610;2314596;4346.75;1;1;4347;4346.75;91;22;355;366;4346.5;4346.25;17;17;20;38;109;26;30;26;21;32;25;51;63;34;39;33;28;47;27;61;31;50;53;62;40;47;35;68;46;47;32;57;33;55;42;121;43;72;46;79;37;86;47;103;52;66;47;68;42;72;41;176;57;69;47;70;62;70;57;72;72;69;49;68;57;65;46;108;53;77;53;74;52;76;47;78;61;73;51;97
2022-01-24;13:30:05.642026;2314611;2314596;4346.75;1;1;4347;4346.75;91;22;355;366;4346.5;4346.25;17;17;20;38;109;26;30;26;21;32;25;51;63;34;39;33;28;47;27;61;31;50;53;62;40;47;35;68;46;47;32;57;33;55;42;121;43;72;46;79;37;86;47;103;52;66;47;68;42;72;41;176;57;69;47;70;62;70;57;72;72;69;49;68;57;65;46;108;53;77;53;74;52;76;47;78;61;73;51;97
2022-01-24;13:30:05.642027;2314612;2314596;4346.75;1;1;4347;4346.75;91;22;355;366;4346.5;4346.25;17;17;20;38;109;26;30;26;21;32;25;51;63;34;39;33;28;47;27;61;31;50;53;62;40;47;35;68;46;47;32;57;33;55;42;121;43;72;46;79;37;86;47;103;52;66;47;68;42;72;41;176;57;69;47;70;62;70;57;72;72;69;49;68;57;65;46;108;53;77;53;74;52;76;47;78;61;73;51;97
2022-01-24;13:30:05.642028;2314613;2314596;4346.5;1;1;4347;4346.75;91;22;355;366;4346.5;4346.25;17;17;20;38;109;26;30;26;21;32;25;51;63;34;39;33;28;47;27;61;31;50;53;62;40;47;35;68;46;47;32;57;33;55;42;121;43;72;46;79;37;86;47;103;52;66;47;68;42;72;41;176;57;69;47;70;62;70;57;72;72;69;49;68;57;65;46;108;53;77;53;74;52;76;47;78;61;73;51;97
2022-01-24;13:30:05.643000;2314625;2314624;4346.75;1;2;4346.75;4346.5;2;26;329;378;4346.5;4346.25;17;17;20;38;109;26;30;26;21;32;25;51;63;34;39;33;28;47;27;61;31;50;53;62;40;47;35;68;46;47;32;57;33;55;42;121;43;72;46;79;37;86;47;103;52;66;47;68;42;72;41;176;57;69;47;70;62;70;57;72;72;69;49;68;57;65;46;108;53;77;53;74;52;76;47;78;61;73;51;97
2022-01-24;13:30:05.643001;2314638;2314637;4346.75;1;2;4346.75;4346.5;10;24;344;368;4346.5;4346.25;17;17;20;38;109;26;30;26;21;32;25;51;63;34;39;33;28;47;27;61;31;50;53;62;40;47;35;68;46;47;32;57;33;55;42;121;43;72;46;79;37;86;47;103;52;66;47;68;42;72;41;176;57;69;47;70;62;70;57;72;72;69;49;68;57;65;46;108;53;77;53;74;52;76;47;78;61;73;51;97
2022-01-24;13:30:05.666000;2314658;2314657;4346.75;1;2;4346.75;4346.5;14;16;357;357;4346.5;4346.25;17;17;20;38;109;26;30;26;21;32;25;51;63;34;39;33;28;47;27;61;31;50;53;62;40;47;35;68;46;47;32;57;33;55;42;121;43;72;46;79;37;86;47;103;52;66;47;68;42;72;41;176;57;69;47;70;62;70;57;72;72;69;49;68;57;65;46;108;53;77;53;74;52;76;47;78;61;73;51;97
2022-01-24;13:30:05.686000;2314669;2314668;4346.5;1;1;4346.75;4346.5;20;16;373;358;4346.5;4346.25;17;17;20;38;109;26;30;26;21;32;25;51;63;34;39;33;28;47;27;61;31;50;53;62;40;47;35;68;46;47;32;57;33;55;42;121;43;72;46;79;37;86;47;103;52;66;47;68;42;72;41;176;57;69;47;70;62;70;57;72;72;69;49;68;57;65;46;108;53;77;53;74;52;76;47;78;61;73;51;97
2022-01-24;13:30:05.686001;2314670;2314668;4346.5;1;1;4346.75;4346.5;20;16;373;358;4346.5;4346.25;17;17;20;38;109;26;30;26;21;32;25;51;63;34;39;33;28;47;27;61;31;50;53;62;40;47;35;68;46;47;32;57;33;55;42;121;43;72;46;79;37;86;47;103;52;66;47;68;42;72;41;176;57;69;47;70;62;70;57;72;72;69;49;68;57;65;46;108;53;77;53;74;52;76;47;78;61;73;51;97
2022-01-24;13:30:05.686002;2314671;2314668;4346.5;2;1;4346.75;4346.5;20;16;373;358;4346.5;4346.25;17;17;20;38;109;26;30;26;21;32;25;51;63;34;39;33;28;47;27;61;31;50;53;62;40;47;35;68;46;47;32;57;33;55;42;121;43;72;46;79;37;86;47;103;52;66;47;68;42;72;41;176;57;69;47;70;62;70;57;72;72;69;49;68;57;65;46;108;53;77;53;74;52;76;47;78;61;73;51;97
2022-01-24;13:30:05.686003;2314672;2314668;4346.5;1;1;4346.75;4346.5;20;16;373;358;4346.5;4346.25;17;17;20;38;109;26;30;26;21;32;25;51;63;34;39;33;28;47;27;61;31;50;53;62;40;47;35;68;46;47;32;57;33;55;42;121;43;72;46;79;37;86;47;103;52;66;47;68;42;72;41;176;57;69;47;70;62;70;57;72;72;69;49;68;57;65;46;108;53;77;53;74;52;76;47;78;61;73;51;97
2022-01-24;13:30:05.686004;2314673;2314668;4346.5;1;1;4346.75;4346.5;20;16;373;358;4346.5;4346.25;17;17;20;38;109;26;30;26;21;32;25;51;63;34;39;33;28;47;27;61;31;50;53;62;40;47;35;68;46;47;32;57;33;55;42;121;43;72;46;79;37;86;47;103;52;66;47;68;42;72;41;176;57;69;47;70;62;70;57;72;72;69;49;68;57;65;46;108;53;77;53;74;52;76;47;78;61;73;51;97
2022-01-24;13:30:05.686005;2314674;2314668;4346.5;1;1;4346.75;4346.5;20;16;373;358;4346.5;4346.25;17;17;20;38;109;26;30;26;21;32;25;51;63;34;39;33;28;47;27;61;31;50;53;62;40;47;35;68;46;47;32;57;33;55;42;121;43;72;46;79;37;86;47;103;52;66;47;68;42;72;41;176;57;69;47;70;62;70;57;72;72;69;49;68;57;65;46;108;53;77;53;74;52;76;47;78;61;73;51;97
2022-01-24;13:30:05.686006;2314675;2314668;4346.5;1;1;4346.75;4346.5;20;16;373;358;4346.5;4346.25;17;17;20;38;109;26;30;26;21;32;25;51;63;34;39;33;28;47;27;61;31;50;53;62;40;47;35;68;46;47;32;57;33;55;42;121;43;72;46;79;37;86;47;103;52;66;47;68;42;72;41;176;57;69;47;70;62;70;57;72;72;69;49;68;57;65;46;108;53;77;53;74;52;76;47;78;61;73;51;97
2022-01-24;13:30:05.686007;2314676;2314668;4346.5;4;1;4346.75;4346.5;20;16;373;358;4346.5;4346.25;17;17;20;38;109;26;30;26;21;32;25;51;63;34;39;33;28;47;27;61;31;50;53;62;40;47;35;68;46;47;32;57;33;55;42;121;43;72;46;79;37;86;47;103;52;66;47;68;42;72;41;176;57;69;47;70;62;70;57;72;72;69;49;68;57;65;46;108;53;77;53;74;52;76;47;78;61;73;51;97
2022-01-24;13:30:05.686008;2314677;2314668;4346.5;2;1;4346.75;4346.5;20;16;373;358;4346.5;4346.25;17;17;20;38;109;26;30;26;21;32;25;51;63;34;39;33;28;47;27;61;31;50;53;62;40;47;35;68;46;47;32;57;33;55;42;121;43;72;46;79;37;86;47;103;52;66;47;68;42;72;41;176;57;69;47;70;62;70;57;72;72;69;49;68;57;65;46;108;53;77;53;74;52;76;47;78;61;73;51;97
2022-01-24;13:30:05.686009;2314678;2314668;4346.5;1;1;4346.75;4346.5;20;16;373;358;4346.5;4346.25;17;17;20;38;109;26;30;26;21;32;25;51;63;34;39;33;28;47;27;61;31;50;53;62;40;47;35;68;46;47;32;57;33;55;42;121;43;72;46;79;37;86;47;103;52;66;47;68;42;72;41;176;57;69;47;70;62;70;57;72;72;69;49;68;57;65;46;108;53;77;53;74;52;76;47;78;61;73;51;97
2022-01-24;13:30:05.686010;2314679;2314668;4346.5;1;1;4346.75;4346.5;20;16;373;358;4346.5;4346.25;17;17;20;38;109;26;30;26;21;32;25;51;63;34;39;33;28;47;27;61;31;50;53;62;40;47;35;68;46;47;32;57;33;55;42;121;43;72;46;79;37;86;47;103;52;66;47;68;42;72;41;176;57;69;47;70;62;70;57;72;72;69;49;68;57;65;46;108;53;77;53;74;52;76;47;78;61;73;51;97
2022-01-24;13:30:06.253000;2314751;2314750;4346.5;1;2;4346.5;4346.25;19;15;371;364;4346.5;4346.25;17;17;20;38;109;26;30;26;21;32;25;51;63;34;39;33;28;47;27;61;31;50;53;62;40;47;35;68;46;47;32;57;33;55;42;121;43;72;46;79;37;86;47;103;52;66;47;68;42;72;41;176;57;69;47;70;62;70;57;72;72;69;49;68;57;65;46;108;53;77;53;74;52;76;47;78;61;73;51;97
2022-01-24;13:30:06.253001;2314752;2314750;4346.5;1;2;4346.5;4346.25;19;15;371;364;4346.5;4346.25;17;17;20;38;109;26;30;26;21;32;25;51;63;34;39;33;28;47;27;61;31;50;53;62;40;47;35;68;46;47;32;57;33;55;42;121;43;72;46;79;37;86;47;103;52;66;47;68;42;72;41;176;57;69;47;70;62;70;57;72;72;69;49;68;57;65;46;108;53;77;53;74;52;76;47;78;61;73;51;97
2022-01-24;13:30:06.253002;2314753;2314750;4346.5;1;2;4346.5;4346.25;19;15;371;364;4346.5;4346.25;17;17;20;38;109;26;30;26;21;32;25;51;63;34;39;33;28;47;27;61;31;50;53;62;40;47;35;68;46;47;32;57;33;55;42;121;43;72;46;79;37;86;47;103;52;66;47;68;42;72;41;176;57;69;47;70;62;70;57;72;72;69;49;68;57;65;46;108;53;77;53;74;52;76;47;78;61;73;51;97
2022-01-24;13:30:06.253003;2314754;2314750;4346.5;1;2;4346.5;4346.25;19;15;371;364;4346.5;4346.25;17;17;20;38;109;26;30;26;21;32;25;51;63;34;39;33;28;47;27;61;31;50;53;62;40;47;35;68;46;47;32;57;33;55;42;121;43;72;46;79;37;86;47;103;52;66;47;68;42;72;41;176;57;69;47;70;62;70;57;72;72;69;49;68;57;65;46;108;53;77;53;74;52;76;47;78;61;73;51;97
2022-01-24;13:30:06.304000;2314765;2314764;4346.5;1;2;4346.5;4346.25;13;21;369;370;4346.5;4346.25;17;17;20;38;109;26;30;26;21;32;25;51;63;34;39;33;28;47;27;61;31;50;53;62;40;47;35;68;46;47;32;57;33;55;42;121;43;72;46;79;37;86;47;103;52;66;47;68;42;72;41;176;57;69;47;70;62;70;57;72;72;69;49;68;57;65;46;108;53;77;53;74;52;76;47;78;61;73;51;97
2022-01-24;13:30:06.304001;2314766;2314764;4346.5;1;2;4346.5;4346.25;13;21;369;370;4346.5;4346.25;17;17;20;38;109;26;30;26;21;32;25;51;63;34;39;33;28;47;27;61;31;50;53;62;40;47;35;68;46;47;32;57;33;55;42;121;43;72;46;79;37;86;47;103;52;66;47;68;42;72;41;176;57;69;47;70;62;70;57;72;72;69;49;68;57;65;46;108;53;77;53;74;52;76;47;78;61;73;51;97
2022-01-24;13:30:06.558000;2314785;2314784;4346.25;1;1;4346.5;4346.25;19;15;381;365;4345;4344.75;32;6;25;23;20;34;35;51;25;28;28;55;25;45;24;69;115;48;29;53;28;67;43;118;64;75;43;87;35;89;34;103;37;66;45;68;45;71;39;176;53;68;35;70;36;70;48;72;42;69;47;69;39;65;48;109;56;77;47;74;40;76;51;78;62;73;53;77;57;70;52;99;67;75;49;70;57;70;46;105
2022-01-24;13:30:06.558001;2314786;2314784;4346.25;1;1;4346.5;4346.25;19;15;381;365;4345;4344.75;32;6;25;23;20;34;35;51;25;28;28;55;25;45;24;69;115;48;29;53;28;67;43;118;64;75;43;87;35;89;34;103;37;66;45;68;45;71;39;176;53;68;35;70;36;70;48;72;42;69;47;69;39;65;48;109;56;77;47;74;40;76;51;78;62;73;53;77;57;70;52;99;67;75;49;70;57;70;46;105
2022-01-24;13:30:06.558002;2314787;2314784;4346.25;1;1;4346.5;4346.25;19;15;381;365;4345;4344.75;32;6;25;23;20;34;35;51;25;28;28;55;25;45;24;69;115;48;29;53;28;67;43;118;64;75;43;87;35;89;34;103;37;66;45;68;45;71;39;176;53;68;35;70;36;70;48;72;42;69;47;69;39;65;48;109;56;77;47;74;40;76;51;78;62;73;53;77;57;70;52;99;67;75;49;70;57;70;46;105
2022-01-24;13:30:06.558003;2314791;2314790;4346.25;1;1;4346.5;4346.25;20;13;382;363;4345;4344.75;32;6;25;23;20;34;35;51;25;28;28;55;25;45;24;69;115;48;29;53;28;67;43;118;64;75;43;87;35;89;34;103;37;66;45;68;45;71;39;176;53;68;35;70;36;70;48;72;42;69;47;69;39;65;48;109;56;77;47;74;40;76;51;78;62;73;53;77;57;70;52;99;67;75;49;70;57;70;46;105
2022-01-24;13:30:06.558004;2314792;2314790;4346.25;1;1;4346.5;4346.25;20;13;382;363;4345;4344.75;32;6;25;23;20;34;35;51;25;28;28;55;25;45;24;69;115;48;29;53;28;67;43;118;64;75;43;87;35;89;34;103;37;66;45;68;45;71;39;176;53;68;35;70;36;70;48;72;42;69;47;69;39;65;48;109;56;77;47;74;40;76;51;78;62;73;53;77;57;70;52;99;67;75;49;70;57;70;46;105
2022-01-24;13:30:06.558005;2314793;2314790;4346.25;1;1;4346.5;4346.25;20;13;382;363;4345;4344.75;32;6;25;23;20;34;35;51;25;28;28;55;25;45;24;69;115;48;29;53;28;67;43;118;64;75;43;87;35;89;34;103;37;66;45;68;45;71;39;176;53;68;35;70;36;70;48;72;42;69;47;69;39;65;48;109;56;77;47;74;40;76;51;78;62;73;53;77;57;70;52;99;67;75;49;70;57;70;46;105
2022-01-24;13:30:06.558006;2314794;2314790;4346.25;1;1;4346.5;4346.25;20;13;382;363;4345;4344.75;32;6;25;23;20;34;35;51;25;28;28;55;25;45;24;69;115;48;29;53;28;67;43;118;64;75;43;87;35;89;34;103;37;66;45;68;45;71;39;176;53;68;35;70;36;70;48;72;42;69;47;69;39;65;48;109;56;77;47;74;40;76;51;78;62;73;53;77;57;70;52;99;67;75;49;70;57;70;46;105
2022-01-24;13:30:06.558007;2314796;2314795;4346.25;1;1;4346.5;4346.25;20;9;382;359;4345;4344.75;32;6;25;23;20;34;35;51;25;28;28;55;25;45;24;69;115;48;29;53;28;67;43;118;64;75;43;87;35;89;34;103;37;66;45;68;45;71;39;176;53;68;35;70;36;70;48;72;42;69;47;69;39;65;48;109;56;77;47;74;40;76;51;78;62;73;53;77;57;70;52;99;67;75;49;70;57;70;46;105
2022-01-24;13:30:06.582000;2314803;2314802;4346.25;1;1;4346.5;4346.25;26;7;388;357;4345;4344.75;32;6;25;23;20;34;35;51;25;28;28;55;25;45;24;69;115;48;29;53;28;67;43;118;64;75;43;87;35;89;34;103;37;66;45;68;45;71;39;176;53;68;35;70;36;70;48;72;42;69;47;69;39;65;48;109;56;77;47;74;40;76;51;78;62;73;53;77;57;70;52;99;67;75;49;70;57;70;46;105
2022-01-24;13:30:06.582001;2314804;2314802;4346.25;1;1;4346.5;4346.25;26;7;388;357;4345;4344.75;32;6;25;23;20;34;35;51;25;28;28;55;25;45;24;69;115;48;29;53;28;67;43;118;64;75;43;87;35;89;34;103;37;66;45;68;45;71;39;176;53;68;35;70;36;70;48;72;42;69;47;69;39;65;48;109;56;77;47;74;40;76;51;78;62;73;53;77;57;70;52;99;67;75;49;70;57;70;46;105
2022-01-24;13:30:06.582002;2314805;2314802;4346.25;1;1;4346.5;4346.25;26;7;388;357;4345;4344.75;32;6;25;23;20;34;35;51;25;28;28;55;25;45;24;69;115;48;29;53;28;67;43;118;64;75;43;87;35;89;34;103;37;66;45;68;45;71;39;176;53;68;35;70;36;70;48;72;42;69;47;69;39;65;48;109;56;77;47;74;40;76;51;78;62;73;53;77;57;70;52;99;67;75;49;70;57;70;46;105
2022-01-24;13:30:06.582003;2314806;2314802;4346.25;1;1;4346.5;4346.25;26;7;388;357;4345;4344.75;32;6;25;23;20;34;35;51;25;28;28;55;25;45;24;69;115;48;29;53;28;67;43;118;64;75;43;87;35;89;34;103;37;66;45;68;45;71;39;176;53;68;35;70;36;70;48;72;42;69;47;69;39;65;48;109;56;77;47;74;40;76;51;78;62;73;53;77;57;70;52;99;67;75;49;70;57;70;46;105
2022-01-24;13:30:06.582004;2314807;2314802;4346.25;1;1;4346.5;4346.25;26;7;388;357;4345;4344.75;32;6;25;23;20;34;35;51;25;28;28;55;25;45;24;69;115;48;29;53;28;67;43;118;64;75;43;87;35;89;34;103;37;66;45;68;45;71;39;176;53;68;35;70;36;70;48;72;42;69;47;69;39;65;48;109;56;77;47;74;40;76;51;78;62;73;53;77;57;70;52;99;67;75;49;70;57;70;46;105
2022-01-24;13:30:06.582005;2314808;2314802;4346.25;1;1;4346.5;4346.25;26;7;388;357;4345;4344.75;32;6;25;23;20;34;35;51;25;28;28;55;25;45;24;69;115;48;29;53;28;67;43;118;64;75;43;87;35;89;34;103;37;66;45;68;45;71;39;176;53;68;35;70;36;70;48;72;42;69;47;69;39;65;48;109;56;77;47;74;40;76;51;78;62;73;53;77;57;70;52;99;67;75;49;70;57;70;46;105
2022-01-24;13:30:06.582006;2314809;2314802;4346.25;1;1;4346.5;4346.25;26;7;388;357;4345;4344.75;32;6;25;23;20;34;35;51;25;28;28;55;25;45;24;69;115;48;29;53;28;67;43;118;64;75;43;87;35;89;34;103;37;66;45;68;45;71;39;176;53;68;35;70;36;70;48;72;42;69;47;69;39;65;48;109;56;77;47;74;40;76;51;78;62;73;53;77;57;70;52;99;67;75;49;70;57;70;46;105
2022-01-24;13:30:06.582007;2314810;2314802;4346;2;1;4346.5;4346.25;26;7;388;357;4345;4344.75;32;6;25;23;20;34;35;51;25;28;28;55;25;45;24;69;115;48;29;53;28;67;43;118;64;75;43;87;35;89;34;103;37;66;45;68;45;71;39;176;53;68;35;70;36;70;48;72;42;69;47;69;39;65;48;109;56;77;47;74;40;76;51;78;62;73;53;77;57;70;52;99;67;75;49;70;57;70;46;105
2022-01-24;13:30:06.582008;2314811;2314802;4346;1;1;4346.5;4346.25;26;7;388;357;4345;4344.75;32;6;25;23;20;34;35;51;25;28;28;55;25;45;24;69;115;48;29;53;28;67;43;118;64;75;43;87;35;89;34;103;37;66;45;68;45;71;39;176;53;68;35;70;36;70;48;72;42;69;47;69;39;65;48;109;56;77;47;74;40;76;51;78;62;73;53;77;57;70;52;99;67;75;49;70;57;70;46;105
2022-01-24;13:30:06.582009;2314812;2314802;4346;1;1;4346.5;4346.25;26;7;388;357;4345;4344.75;32;6;25;23;20;34;35;51;25;28;28;55;25;45;24;69;115;48;29;53;28;67;43;118;64;75;43;87;35;89;34;103;37;66;45;68;45;71;39;176;53;68;35;70;36;70;48;72;42;69;47;69;39;65;48;109;56;77;47;74;40;76;51;78;62;73;53;77;57;70;52;99;67;75;49;70;57;70;46;105
2022-01-24;13:30:06.582010;2314813;2314802;4346;1;1;4346.5;4346.25;26;7;388;357;4345;4344.75;32;6;25;23;20;34;35;51;25;28;28;55;25;45;24;69;115;48;29;53;28;67;43;118;64;75;43;87;35;89;34;103;37;66;45;68;45;71;39;176;53;68;35;70;36;70;48;72;42;69;47;69;39;65;48;109;56;77;47;74;40;76;51;78;62;73;53;77;57;70;52;99;67;75;49;70;57;70;46;105
2022-01-24;13:30:06.582011;2314814;2314802;4346;2;1;4346.5;4346.25;26;7;388;357;4345;4344.75;32;6;25;23;20;34;35;51;25;28;28;55;25;45;24;69;115;48;29;53;28;67;43;118;64;75;43;87;35;89;34;103;37;66;45;68;45;71;39;176;53;68;35;70;36;70;48;72;42;69;47;69;39;65;48;109;56;77;47;74;40;76;51;78;62;73;53;77;57;70;52;99;67;75;49;70;57;70;46;105
2022-01-24;13:30:06.582012;2314815;2314802;4346;1;1;4346.5;4346.25;26;7;388;357;4345;4344.75;32;6;25;23;20;34;35;51;25;28;28;55;25;45;24;69;115;48;29;53;28;67;43;118;64;75;43;87;35;89;34;103;37;66;45;68;45;71;39;176;53;68;35;70;36;70;48;72;42;69;47;69;39;65;48;109;56;77;47;74;40;76;51;78;62;73;53;77;57;70;52;99;67;75;49;70;57;70;46;105
2022-01-24;13:30:06.582013;2314816;2314802;4346;1;1;4346.5;4346.25;26;7;388;357;4345;4344.75;32;6;25;23;20;34;35;51;25;28;28;55;25;45;24;69;115;48;29;53;28;67;43;118;64;75;43;87;35;89;34;103;37;66;45;68;45;71;39;176;53;68;35;70;36;70;48;72;42;69;47;69;39;65;48;109;56;77;47;74;40;76;51;78;62;73;53;77;57;70;52;99;67;75;49;70;57;70;46;105
2022-01-24;13:30:06.582014;2314817;2314802;4346;2;1;4346.5;4346.25;26;7;388;357;4345;4344.75;32;6;25;23;20;34;35;51;25;28;28;55;25;45;24;69;115;48;29;53;28;67;43;118;64;75;43;87;35;89;34;103;37;66;45;68;45;71;39;176;53;68;35;70;36;70;48;72;42;69;47;69;39;65;48;109;56;77;47;74;40;76;51;78;62;73;53;77;57;70;52;99;67;75;49;70;57;70;46;105
2022-01-24;13:30:06.582015;2314818;2314802;4346;1;1;4346.5;4346.25;26;7;388;357;4345;4344.75;32;6;25;23;20;34;35;51;25;28;28;55;25;45;24;69;115;48;29;53;28;67;43;118;64;75;43;87;35;89;34;103;37;66;45;68;45;71;39;176;53;68;35;70;36;70;48;72;42;69;47;69;39;65;48;109;56;77;47;74;40;76;51;78;62;73;53;77;57;70;52;99;67;75;49;70;57;70;46;105
2022-01-24;13:30:06.582016;2314819;2314802;4346;1;1;4346.5;4346.25;26;7;388;357;4345;4344.75;32;6;25;23;20;34;35;51;25;28;28;55;25;45;24;69;115;48;29;53;28;67;43;118;64;75;43;87;35;89;34;103;37;66;45;68;45;71;39;176;53;68;35;70;36;70;48;72;42;69;47;69;39;65;48;109;56;77;47;74;40;76;51;78;62;73;53;77;57;70;52;99;67;75;49;70;57;70;46;105
2022-01-24;13:30:06.582017;2314820;2314802;4346;5;1;4346.5;4346.25;26;7;388;357;4345;4344.75;32;6;25;23;20;34;35;51;25;28;28;55;25;45;24;69;115;48;29;53;28;67;43;118;64;75;43;87;35;89;34;103;37;66;45;68;45;71;39;176;53;68;35;70;36;70;48;72;42;69;47;69;39;65;48;109;56;77;47;74;40;76;51;78;62;73;53;77;57;70;52;99;67;75;49;70;57;70;46;105
2022-01-24;13:30:06.582018;2314821;2314802;4346;1;1;4346.5;4346.25;26;7;388;357;4345;4344.75;32;6;25;23;20;34;35;51;25;28;28;55;25;45;24;69;115;48;29;53;28;67;43;118;64;75;43;87;35;89;34;103;37;66;45;68;45;71;39;176;53;68;35;70;36;70;48;72;42;69;47;69;39;65;48;109;56;77;47;74;40;76;51;78;62;73;53;77;57;70;52;99;67;75;49;70;57;70;46;105
2022-01-24;13:30:06.582019;2314822;2314802;4346;5;1;4346.5;4346.25;26;7;388;357;4345;4344.75;32;6;25;23;20;34;35;51;25;28;28;55;25;45;24;69;115;48;29;53;28;67;43;118;64;75;43;87;35;89;34;103;37;66;45;68;45;71;39;176;53;68;35;70;36;70;48;72;42;69;47;69;39;65;48;109;56;77;47;74;40;76;51;78;62;73;53;77;57;70;52;99;67;75;49;70;57;70;46;105
2022-01-24;13:30:06.582020;2314823;2314802;4346;1;1;4346.5;4346.25;26;7;388;357;4345;4344.75;32;6;25;23;20;34;35;51;25;28;28;55;25;45;24;69;115;48;29;53;28;67;43;118;64;75;43;87;35;89;34;103;37;66;45;68;45;71;39;176;53;68;35;70;36;70;48;72;42;69;47;69;39;65;48;109;56;77;47;74;40;76;51;78;62;73;53;77;57;70;52;99;67;75;49;70;57;70;46;105
2022-01-24;13:30:06.582021;2314824;2314802;4346;2;1;4346.5;4346.25;26;7;388;357;4345;4344.75;32;6;25;23;20;34;35;51;25;28;28;55;25;45;24;69;115;48;29;53;28;67;43;118;64;75;43;87;35;89;34;103;37;66;45;68;45;71;39;176;53;68;35;70;36;70;48;72;42;69;47;69;39;65;48;109;56;77;47;74;40;76;51;78;62;73;53;77;57;70;52;99;67;75;49;70;57;70;46;105
2022-01-24;13:30:06.582022;2314825;2314802;4346;2;1;4346.5;4346.25;26;7;388;357;4345;4344.75;32;6;25;23;20;34;35;51;25;28;28;55;25;45;24;69;115;48;29;53;28;67;43;118;64;75;43;87;35;89;34;103;37;66;45;68;45;71;39;176;53;68;35;70;36;70;48;72;42;69;47;69;39;65;48;109;56;77;47;74;40;76;51;78;62;73;53;77;57;70;52;99;67;75;49;70;57;70;46;105
2022-01-24;13:30:06.582023;2314826;2314802;4346;1;1;4346.5;4346.25;26;7;388;357;4345;4344.75;32;6;25;23;20;34;35;51;25;28;28;55;25;45;24;69;115;48;29;53;28;67;43;118;64;75;43;87;35;89;34;103;37;66;45;68;45;71;39;176;53;68;35;70;36;70;48;72;42;69;47;69;39;65;48;109;56;77;47;74;40;76;51;78;62;73;53;77;57;70;52;99;67;75;49;70;57;70;46;105
2022-01-24;13:30:06.582024;2314827;2314802;4346;2;1;4346.5;4346.25;26;7;388;357;4345;4344.75;32;6;25;23;20;34;35;51;25;28;28;55;25;45;24;69;115;48;29;53;28;67;43;118;64;75;43;87;35;89;34;103;37;66;45;68;45;71;39;176;53;68;35;70;36;70;48;72;42;69;47;69;39;65;48;109;56;77;47;74;40;76;51;78;62;73;53;77;57;70;52;99;67;75;49;70;57;70;46;105
2022-01-24;13:30:06.582025;2314828;2314802;4346;1;1;4346.5;4346.25;26;7;388;357;4345;4344.75;32;6;25;23;20;34;35;51;25;28;28;55;25;45;24;69;115;48;29;53;28;67;43;118;64;75;43;87;35;89;34;103;37;66;45;68;45;71;39;176;53;68;35;70;36;70;48;72;42;69;47;69;39;65;48;109;56;77;47;74;40;76;51;78;62;73;53;77;57;70;52;99;67;75;49;70;57;70;46;105
2022-01-24;13:30:06.582026;2314829;2314802;4346;1;1;4346.5;4346.25;26;7;388;357;4345;4344.75;32;6;25;23;20;34;35;51;25;28;28;55;25;45;24;69;115;48;29;53;28;67;43;118;64;75;43;87;35;89;34;103;37;66;45;68;45;71;39;176;53;68;35;70;36;70;48;72;42;69;47;69;39;65;48;109;56;77;47;74;40;76;51;78;62;73;53;77;57;70;52;99;67;75;49;70;57;70;46;105
2022-01-24;13:30:06.582027;2314830;2314802;4346;1;1;4346.5;4346.25;26;7;388;357;4345;4344.75;32;6;25;23;20;34;35;51;25;28;28;55;25;45;24;69;115;48;29;53;28;67;43;118;64;75;43;87;35;89;34;103;37;66;45;68;45;71;39;176;53;68;35;70;36;70;48;72;42;69;47;69;39;65;48;109;56;77;47;74;40;76;51;78;62;73;53;77;57;70;52;99;67;75;49;70;57;70;46;105
2022-01-24;13:30:06.582028;2314831;2314802;4346;1;1;4346.5;4346.25;26;7;388;357;4345;4344.75;32;6;25;23;20;34;35;51;25;28;28;55;25;45;24;69;115;48;29;53;28;67;43;118;64;75;43;87;35;89;34;103;37;66;45;68;45;71;39;176;53;68;35;70;36;70;48;72;42;69;47;69;39;65;48;109;56;77;47;74;40;76;51;78;62;73;53;77;57;70;52;99;67;75;49;70;57;70;46;105
2022-01-24;13:30:06.582029;2314832;2314802;4346;1;1;4346.5;4346.25;26;7;388;357;4345;4344.75;32;6;25;23;20;34;35;51;25;28;28;55;25;45;24;69;115;48;29;53;28;67;43;118;64;75;43;87;35;89;34;103;37;66;45;68;45;71;39;176;53;68;35;70;36;70;48;72;42;69;47;69;39;65;48;109;56;77;47;74;40;76;51;78;62;73;53;77;57;70;52;99;67;75;49;70;57;70;46;105
2022-01-24;13:30:06.582030;2314833;2314802;4346;2;1;4346.5;4346.25;26;7;388;357;4345;4344.75;32;6;25;23;20;34;35;51;25;28;28;55;25;45;24;69;115;48;29;53;28;67;43;118;64;75;43;87;35;89;34;103;37;66;45;68;45;71;39;176;53;68;35;70;36;70;48;72;42;69;47;69;39;65;48;109;56;77;47;74;40;76;51;78;62;73;53;77;57;70;52;99;67;75;49;70;57;70;46;105
2022-01-24;13:30:06.582031;2314834;2314802;4346;1;1;4346.5;4346.25;26;7;388;357;4345;4344.75;32;6;25;23;20;34;35;51;25;28;28;55;25;45;24;69;115;48;29;53;28;67;43;118;64;75;43;87;35;89;34;103;37;66;45;68;45;71;39;176;53;68;35;70;36;70;48;72;42;69;47;69;39;65;48;109;56;77;47;74;40;76;51;78;62;73;53;77;57;70;52;99;67;75;49;70;57;70;46;105
2022-01-24;13:30:06.582032;2314835;2314802;4345.75;2;1;4346.5;4346.25;26;7;388;357;4345;4344.75;32;6;25;23;20;34;35;51;25;28;28;55;25;45;24;69;115;48;29;53;28;67;43;118;64;75;43;87;35;89;34;103;37;66;45;68;45;71;39;176;53;68;35;70;36;70;48;72;42;69;47;69;39;65;48;109;56;77;47;74;40;76;51;78;62;73;53;77;57;70;52;99;67;75;49;70;57;70;46;105
2022-01-24;13:30:06.582033;2314836;2314802;4345.75;1;1;4346.5;4346.25;26;7;388;357;4345;4344.75;32;6;25;23;20;34;35;51;25;28;28;55;25;45;24;69;115;48;29;53;28;67;43;118;64;75;43;87;35;89;34;103;37;66;45;68;45;71;39;176;53;68;35;70;36;70;48;72;42;69;47;69;39;65;48;109;56;77;47;74;40;76;51;78;62;73;53;77;57;70;52;99;67;75;49;70;57;70;46;105
2022-01-24;13:30:06.582034;2314837;2314802;4345.75;2;1;4346.5;4346.25;26;7;388;357;4345;4344.75;32;6;25;23;20;34;35;51;25;28;28;55;25;45;24;69;115;48;29;53;28;67;43;118;64;75;43;87;35;89;34;103;37;66;45;68;45;71;39;176;53;68;35;70;36;70;48;72;42;69;47;69;39;65;48;109;56;77;47;74;40;76;51;78;62;73;53;77;57;70;52;99;67;75;49;70;57;70;46;105
2022-01-24;13:30:06.582035;2314838;2314802;4345.75;1;1;4346.5;4346.25;26;7;388;357;4345;4344.75;32;6;25;23;20;34;35;51;25;28;28;55;25;45;24;69;115;48;29;53;28;67;43;118;64;75;43;87;35;89;34;103;37;66;45;68;45;71;39;176;53;68;35;70;36;70;48;72;42;69;47;69;39;65;48;109;56;77;47;74;40;76;51;78;62;73;53;77;57;70;52;99;67;75;49;70;57;70;46;105
2022-01-24;13:30:06.582036;2314839;2314802;4345.75;1;1;4346.5;4346.25;26;7;388;357;4345;4344.75;32;6;25;23;20;34;35;51;25;28;28;55;25;45;24;69;115;48;29;53;28;67;43;118;64;75;43;87;35;89;34;103;37;66;45;68;45;71;39;176;53;68;35;70;36;70;48;72;42;69;47;69;39;65;48;109;56;77;47;74;40;76;51;78;62;73;53;77;57;70;52;99;67;75;49;70;57;70;46;105
2022-01-24;13:30:06.582037;2314840;2314802;4345.75;1;1;4346.5;4346.25;26;7;388;357;4345;4344.75;32;6;25;23;20;34;35;51;25;28;28;55;25;45;24;69;115;48;29;53;28;67;43;118;64;75;43;87;35;89;34;103;37;66;45;68;45;71;39;176;53;68;35;70;36;70;48;72;42;69;47;69;39;65;48;109;56;77;47;74;40;76;51;78;62;73;53;77;57;70;52;99;67;75;49;70;57;70;46;105
2022-01-24;13:30:06.582038;2314841;2314802;4345.75;2;1;4346.5;4346.25;26;7;388;357;4345;4344.75;32;6;25;23;20;34;35;51;25;28;28;55;25;45;24;69;115;48;29;53;28;67;43;118;64;75;43;87;35;89;34;103;37;66;45;68;45;71;39;176;53;68;35;70;36;70;48;72;42;69;47;69;39;65;48;109;56;77;47;74;40;76;51;78;62;73;53;77;57;70;52;99;67;75;49;70;57;70;46;105
2022-01-24;13:30:06.582039;2314842;2314802;4345.75;1;1;4346.5;4346.25;26;7;388;357;4345;4344.75;32;6;25;23;20;34;35;51;25;28;28;55;25;45;24;69;115;48;29;53;28;67;43;118;64;75;43;87;35;89;34;103;37;66;45;68;45;71;39;176;53;68;35;70;36;70;48;72;42;69;47;69;39;65;48;109;56;77;47;74;40;76;51;78;62;73;53;77;57;70;52;99;67;75;49;70;57;70;46;105
2022-01-24;13:30:06.582040;2314843;2314802;4345.75;1;1;4346.5;4346.25;26;7;388;357;4345;4344.75;32;6;25;23;20;34;35;51;25;28;28;55;25;45;24;69;115;48;29;53;28;67;43;118;64;75;43;87;35;89;34;103;37;66;45;68;45;71;39;176;53;68;35;70;36;70;48;72;42;69;47;69;39;65;48;109;56;77;47;74;40;76;51;78;62;73;53;77;57;70;52;99;67;75;49;70;57;70;46;105
2022-01-24;13:30:06.582041;2314844;2314802;4345.75;1;1;4346.5;4346.25;26;7;388;357;4345;4344.75;32;6;25;23;20;34;35;51;25;28;28;55;25;45;24;69;115;48;29;53;28;67;43;118;64;75;43;87;35;89;34;103;37;66;45;68;45;71;39;176;53;68;35;70;36;70;48;72;42;69;47;69;39;65;48;109;56;77;47;74;40;76;51;78;62;73;53;77;57;70;52;99;67;75;49;70;57;70;46;105
2022-01-24;13:30:06.582042;2314845;2314802;4345.75;2;1;4346.5;4346.25;26;7;388;357;4345;4344.75;32;6;25;23;20;34;35;51;25;28;28;55;25;45;24;69;115;48;29;53;28;67;43;118;64;75;43;87;35;89;34;103;37;66;45;68;45;71;39;176;53;68;35;70;36;70;48;72;42;69;47;69;39;65;48;109;56;77;47;74;40;76;51;78;62;73;53;77;57;70;52;99;67;75;49;70;57;70;46;105
2022-01-24;13:30:06.582043;2314846;2314802;4345.75;1;1;4346.5;4346.25;26;7;388;357;4345;4344.75;32;6;25;23;20;34;35;51;25;28;28;55;25;45;24;69;115;48;29;53;28;67;43;118;64;75;43;87;35;89;34;103;37;66;45;68;45;71;39;176;53;68;35;70;36;70;48;72;42;69;47;69;39;65;48;109;56;77;47;74;40;76;51;78;62;73;53;77;57;70;52;99;67;75;49;70;57;70;46;105
2022-01-24;13:30:06.582044;2314847;2314802;4345.75;1;1;4346.5;4346.25;26;7;388;357;4345;4344.75;32;6;25;23;20;34;35;51;25;28;28;55;25;45;24;69;115;48;29;53;28;67;43;118;64;75;43;87;35;89;34;103;37;66;45;68;45;71;39;176;53;68;35;70;36;70;48;72;42;69;47;69;39;65;48;109;56;77;47;74;40;76;51;78;62;73;53;77;57;70;52;99;67;75;49;70;57;70;46;105
2022-01-24;13:30:06.582045;2314848;2314802;4345.75;1;1;4346.5;4346.25;26;7;388;357;4345;4344.75;32;6;25;23;20;34;35;51;25;28;28;55;25;45;24;69;115;48;29;53;28;67;43;118;64;75;43;87;35;89;34;103;37;66;45;68;45;71;39;176;53;68;35;70;36;70;48;72;42;69;47;69;39;65;48;109;56;77;47;74;40;76;51;78;62;73;53;77;57;70;52;99;67;75;49;70;57;70;46;105
2022-01-24;13:30:06.582046;2314849;2314802;4345.75;1;1;4346.5;4346.25;26;7;388;357;4345;4344.75;32;6;25;23;20;34;35;51;25;28;28;55;25;45;24;69;115;48;29;53;28;67;43;118;64;75;43;87;35;89;34;103;37;66;45;68;45;71;39;176;53;68;35;70;36;70;48;72;42;69;47;69;39;65;48;109;56;77;47;74;40;76;51;78;62;73;53;77;57;70;52;99;67;75;49;70;57;70;46;105
2022-01-24;13:30:06.582047;2314850;2314802;4345.75;1;1;4346.5;4346.25;26;7;388;357;4345;4344.75;32;6;25;23;20;34;35;51;25;28;28;55;25;45;24;69;115;48;29;53;28;67;43;118;64;75;43;87;35;89;34;103;37;66;45;68;45;71;39;176;53;68;35;70;36;70;48;72;42;69;47;69;39;65;48;109;56;77;47;74;40;76;51;78;62;73;53;77;57;70;52;99;67;75;49;70;57;70;46;105
2022-01-24;13:30:06.582048;2314851;2314802;4345.75;1;1;4346.5;4346.25;26;7;388;357;4345;4344.75;32;6;25;23;20;34;35;51;25;28;28;55;25;45;24;69;115;48;29;53;28;67;43;118;64;75;43;87;35;89;34;103;37;66;45;68;45;71;39;176;53;68;35;70;36;70;48;72;42;69;47;69;39;65;48;109;56;77;47;74;40;76;51;78;62;73;53;77;57;70;52;99;67;75;49;70;57;70;46;105
2022-01-24;13:30:06.583000;2314869;2314868;4346;1;1;4346.25;4346;14;1;378;335;4345;4344.75;32;6;25;23;20;34;35;51;25;28;28;55;25;45;24;69;115;48;29;53;28;67;43;118;64;75;43;87;35;89;34;103;37;66;45;68;45;71;39;176;53;68;35;70;36;70;48;72;42;69;47;69;39;65;48;109;56;77;47;74;40;76;51;78;62;73;53;77;57;70;52;99;67;75;49;70;57;70;46;105
2022-01-24;13:30:06.658000;2314898;2314897;4345.75;2;1;4346;4345.75;14;12;373;370;4345;4344.75;32;6;25;23;20;34;35;51;25;28;28;55;25;45;24;69;115;48;29;53;28;67;43;118;64;75;43;87;35;89;34;103;37;66;45;68;45;71;39;176;53;68;35;70;36;70;48;72;42;69;47;69;39;65;48;109;56;77;47;74;40;76;51;78;62;73;53;77;57;70;52;99;67;75;49;70;57;70;46;105
2022-01-24;13:30:06.659000;2314901;2314900;4345.75;3;1;4346;4345.75;14;9;375;366;4345;4344.75;32;6;25;23;20;34;35;51;25;28;28;55;25;45;24;69;115;48;29;53;28;67;43;118;64;75;43;87;35;89;34;103;37;66;45;68;45;71;39;176;53;68;35;70;36;70;48;72;42;69;47;69;39;65;48;109;56;77;47;74;40;76;51;78;62;73;53;77;57;70;52;99;67;75;49;70;57;70;46;105
2022-01-24;13:30:06.659001;2314902;2314900;4345.75;3;1;4346;4345.75;14;9;375;366;4345;4344.75;32;6;25;23;20;34;35;51;25;28;28;55;25;45;24;69;115;48;29;53;28;67;43;118;64;75;43;87;35;89;34;103;37;66;45;68;45;71;39;176;53;68;35;70;36;70;48;72;42;69;47;69;39;65;48;109;56;77;47;74;40;76;51;78;62;73;53;77;57;70;52;99;67;75;49;70;57;70;46;105
2022-01-24;13:30:06.659002;2314903;2314900;4345.75;1;1;4346;4345.75;14;9;375;366;4345;4344.75;32;6;25;23;20;34;35;51;25;28;28;55;25;45;24;69;115;48;29;53;28;67;43;118;64;75;43;87;35;89;34;103;37;66;45;68;45;71;39;176;53;68;35;70;36;70;48;72;42;69;47;69;39;65;48;109;56;77;47;74;40;76;51;78;62;73;53;77;57;70;52;99;67;75;49;70;57;70;46;105
2022-01-24;13:30:06.659003;2314904;2314900;4345.75;1;1;4346;4345.75;14;9;375;366;4345;4344.75;32;6;25;23;20;34;35;51;25;28;28;55;25;45;24;69;115;48;29;53;28;67;43;118;64;75;43;87;35;89;34;103;37;66;45;68;45;71;39;176;53;68;35;70;36;70;48;72;42;69;47;69;39;65;48;109;56;77;47;74;40;76;51;78;62;73;53;77;57;70;52;99;67;75;49;70;57;70;46;105
2022-01-24;13:30:06.659004;2314905;2314900;4345.75;1;1;4346;4345.75;14;9;375;366;4345;4344.75;32;6;25;23;20;34;35;51;25;28;28;55;25;45;24;69;115;48;29;53;28;67;43;118;64;75;43;87;35;89;34;103;37;66;45;68;45;71;39;176;53;68;35;70;36;70;48;72;42;69;47;69;39;65;48;109;56;77;47;74;40;76;51;78;62;73;53;77;57;70;52;99;67;75;49;70;57;70;46;105
2022-01-24;13:30:06.798000;2314930;2314929;4345.75;1;2;4345.75;4345.5;16;19;358;408;4345;4344.75;32;6;25;23;20;34;35;51;25;28;28;55;25;45;24;69;115;48;29;53;28;67;43;118;64;75;43;87;35;89;34;103;37;66;45;68;45;71;39;176;53;68;35;70;36;70;48;72;42;69;47;69;39;65;48;109;56;77;47;74;40;76;51;78;62;73;53;77;57;70;52;99;67;75;49;70;57;70;46;105
2022-01-24;13:30:06.798001;2314931;2314929;4345.75;1;2;4345.75;4345.5;16;19;358;408;4345;4344.75;32;6;25;23;20;34;35;51;25;28;28;55;25;45;24;69;115;48;29;53;28;67;43;118;64;75;43;87;35;89;34;103;37;66;45;68;45;71;39;176;53;68;35;70;36;70;48;72;42;69;47;69;39;65;48;109;56;77;47;74;40;76;51;78;62;73;53;77;57;70;52;99;67;75;49;70;57;70;46;105
2022-01-24;13:30:07.36000;2314938;2314937;4345.75;1;2;4345.75;4345.5;28;23;369;408;4345;4344.75;32;6;25;23;20;34;35;51;25;28;28;55;25;45;24;69;115;48;29;53;28;67;43;118;64;75;43;87;35;89;34;103;37;66;45;68;45;71;39;176;53;68;35;70;36;70;48;72;42;69;47;69;39;65;48;109;56;77;47;74;40;76;51;78;62;73;53;77;57;70;52;99;67;75;49;70;57;70;46;105
2022-01-24;13:30:07.276000;2314957;2314956;4345.5;1;1;4345.75;4345.5;53;21;401;404;4345;4344.75;32;6;25;23;20;34;35;51;25;28;28;55;25;45;24;69;115;48;29;53;28;67;43;118;64;75;43;87;35;89;34;103;37;66;45;68;45;71;39;176;53;68;35;70;36;70;48;72;42;69;47;69;39;65;48;109;56;77;47;74;40;76;51;78;62;73;53;77;57;70;52;99;67;75;49;70;57;70;46;105
2022-01-24;13:30:07.276001;2314958;2314956;4345.5;1;1;4345.75;4345.5;53;21;401;404;4345;4344.75;32;6;25;23;20;34;35;51;25;28;28;55;25;45;24;69;115;48;29;53;28;67;43;118;64;75;43;87;35;89;34;103;37;66;45;68;45;71;39;176;53;68;35;70;36;70;48;72;42;69;47;69;39;65;48;109;56;77;47;74;40;76;51;78;62;73;53;77;57;70;52;99;67;75;49;70;57;70;46;105
2022-01-24;13:30:07.276002;2314959;2314956;4345.5;1;1;4345.75;4345.5;53;21;401;404;4345;4344.75;32;6;25;23;20;34;35;51;25;28;28;55;25;45;24;69;115;48;29;53;28;67;43;118;64;75;43;87;35;89;34;103;37;66;45;68;45;71;39;176;53;68;35;70;36;70;48;72;42;69;47;69;39;65;48;109;56;77;47;74;40;76;51;78;62;73;53;77;57;70;52;99;67;75;49;70;57;70;46;105
2022-01-24;13:30:07.276003;2314960;2314956;4345.5;1;1;4345.75;4345.5;53;21;401;404;4345;4344.75;32;6;25;23;20;34;35;51;25;28;28;55;25;45;24;69;115;48;29;53;28;67;43;118;64;75;43;87;35;89;34;103;37;66;45;68;45;71;39;176;53;68;35;70;36;70;48;72;42;69;47;69;39;65;48;109;56;77;47;74;40;76;51;78;62;73;53;77;57;70;52;99;67;75;49;70;57;70;46;105
2022-01-24;13:30:07.276004;2314961;2314956;4345.5;1;1;4345.75;4345.5;53;21;401;404;4345;4344.75;32;6;25;23;20;34;35;51;25;28;28;55;25;45;24;69;115;48;29;53;28;67;43;118;64;75;43;87;35;89;34;103;37;66;45;68;45;71;39;176;53;68;35;70;36;70;48;72;42;69;47;69;39;65;48;109;56;77;47;74;40;76;51;78;62;73;53;77;57;70;52;99;67;75;49;70;57;70;46;105
2022-01-24;13:30:07.276005;2314962;2314956;4345.5;1;1;4345.75;4345.5;53;21;401;404;4345;4344.75;32;6;25;23;20;34;35;51;25;28;28;55;25;45;24;69;115;48;29;53;28;67;43;118;64;75;43;87;35;89;34;103;37;66;45;68;45;71;39;176;53;68;35;70;36;70;48;72;42;69;47;69;39;65;48;109;56;77;47;74;40;76;51;78;62;73;53;77;57;70;52;99;67;75;49;70;57;70;46;105
2022-01-24;13:30:07.530000;2314983;2314982;4345.5;1;1;4345.75;4345.5;44;22;394;405;4345;4344.75;32;6;25;23;20;34;35;51;25;28;28;55;25;45;24;69;115;48;29;53;28;67;43;118;64;75;43;87;35;89;34;103;37;66;45;68;45;71;39;176;53;68;35;70;36;70;48;72;42;69;47;69;39;65;48;109;56;77;47;74;40;76;51;78;62;73;53;77;57;70;52;99;67;75;49;70;57;70;46;105
2022-01-24;13:30:07.530001;2314984;2314982;4345.5;1;1;4345.75;4345.5;44;22;394;405;4345;4344.75;32;6;25;23;20;34;35;51;25;28;28;55;25;45;24;69;115;48;29;53;28;67;43;118;64;75;43;87;35;89;34;103;37;66;45;68;45;71;39;176;53;68;35;70;36;70;48;72;42;69;47;69;39;65;48;109;56;77;47;74;40;76;51;78;62;73;53;77;57;70;52;99;67;75;49;70;57;70;46;105
2022-01-24;13:30:07.530002;2314985;2314982;4345.5;1;1;4345.75;4345.5;44;22;394;405;4345;4344.75;32;6;25;23;20;34;35;51;25;28;28;55;25;45;24;69;115;48;29;53;28;67;43;118;64;75;43;87;35;89;34;103;37;66;45;68;45;71;39;176;53;68;35;70;36;70;48;72;42;69;47;69;39;65;48;109;56;77;47;74;40;76;51;78;62;73;53;77;57;70;52;99;67;75;49;70;57;70;46;105
2022-01-24;13:30:07.530003;2314986;2314982;4345.5;1;1;4345.75;4345.5;44;22;394;405;4345;4344.75;32;6;25;23;20;34;35;51;25;28;28;55;25;45;24;69;115;48;29;53;28;67;43;118;64;75;43;87;35;89;34;103;37;66;45;68;45;71;39;176;53;68;35;70;36;70;48;72;42;69;47;69;39;65;48;109;56;77;47;74;40;76;51;78;62;73;53;77;57;70;52;99;67;75;49;70;57;70;46;105
2022-01-24;13:30:07.530004;2314987;2314982;4345.5;1;1;4345.75;4345.5;44;22;394;405;4345;4344.75;32;6;25;23;20;34;35;51;25;28;28;55;25;45;24;69;115;48;29;53;28;67;43;118;64;75;43;87;35;89;34;103;37;66;45;68;45;71;39;176;53;68;35;70;36;70;48;72;42;69;47;69;39;65;48;109;56;77;47;74;40;76;51;78;62;73;53;77;57;70;52;99;67;75;49;70;57;70;46;105
2022-01-24;13:30:07.674000;2314997;2314996;4345.5;2;1;4345.75;4345.5;56;14;403;398;4345;4344.75;32;6;25;23;20;34;35;51;25;28;28;55;25;45;24;69;115;48;29;53;28;67;43;118;64;75;43;87;35;89;34;103;37;66;45;68;45;71;39;176;53;68;35;70;36;70;48;72;42;69;47;69;39;65;48;109;56;77;47;74;40;76;51;78;62;73;53;77;57;70;52;99;67;75;49;70;57;70;46;105
2022-01-24;13:30:07.674001;2314998;2314996;4345.5;1;1;4345.75;4345.5;56;14;403;398;4345;4344.75;32;6;25;23;20;34;35;51;25;28;28;55;25;45;24;69;115;48;29;53;28;67;43;118;64;75;43;87;35;89;34;103;37;66;45;68;45;71;39;176;53;68;35;70;36;70;48;72;42;69;47;69;39;65;48;109;56;77;47;74;40;76;51;78;62;73;53;77;57;70;52;99;67;75;49;70;57;70;46;105
2022-01-24;13:30:07.675000;2315001;2315000;4345.5;1;1;4345.75;4345.5;55;11;402;395;4345;4344.75;32;6;25;23;20;34;35;51;25;28;28;55;25;45;24;69;115;48;29;53;28;67;43;118;64;75;43;87;35;89;34;103;37;66;45;68;45;71;39;176;53;68;35;70;36;70;48;72;42;69;47;69;39;65;48;109;56;77;47;74;40;76;51;78;62;73;53;77;57;70;52;99;67;75;49;70;57;70;46;105
2022-01-24;13:30:07.675001;2315002;2315000;4345.5;1;1;4345.75;4345.5;55;11;402;395;4345;4344.75;32;6;25;23;20;34;35;51;25;28;28;55;25;45;24;69;115;48;29;53;28;67;43;118;64;75;43;87;35;89;34;103;37;66;45;68;45;71;39;176;53;68;35;70;36;70;48;72;42;69;47;69;39;65;48;109;56;77;47;74;40;76;51;78;62;73;53;77;57;70;52;99;67;75;49;70;57;70;46;105
2022-01-24;13:30:07.675002;2315003;2315000;4345.5;1;1;4345.75;4345.5;55;11;402;395;4345;4344.75;32;6;25;23;20;34;35;51;25;28;28;55;25;45;24;69;115;48;29;53;28;67;43;118;64;75;43;87;35;89;34;103;37;66;45;68;45;71;39;176;53;68;35;70;36;70;48;72;42;69;47;69;39;65;48;109;56;77;47;74;40;76;51;78;62;73;53;77;57;70;52;99;67;75;49;70;57;70;46;105
2022-01-24;13:30:07.675003;2315004;2315000;4345.5;1;1;4345.75;4345.5;55;11;402;395;4345;4344.75;32;6;25;23;20;34;35;51;25;28;28;55;25;45;24;69;115;48;29;53;28;67;43;118;64;75;43;87;35;89;34;103;37;66;45;68;45;71;39;176;53;68;35;70;36;70;48;72;42;69;47;69;39;65;48;109;56;77;47;74;40;76;51;78;62;73;53;77;57;70;52;99;67;75;49;70;57;70;46;105
2022-01-24;13:30:07.675004;2315005;2315000;4345.5;1;1;4345.75;4345.5;55;11;402;395;4345;4344.75;32;6;25;23;20;34;35;51;25;28;28;55;25;45;24;69;115;48;29;53;28;67;43;118;64;75;43;87;35;89;34;103;37;66;45;68;45;71;39;176;53;68;35;70;36;70;48;72;42;69;47;69;39;65;48;109;56;77;47;74;40;76;51;78;62;73;53;77;57;70;52;99;67;75;49;70;57;70;46;105
2022-01-24;13:30:07.675005;2315006;2315000;4345.5;3;1;4345.75;4345.5;55;11;402;395;4345;4344.75;32;6;25;23;20;34;35;51;25;28;28;55;25;45;24;69;115;48;29;53;28;67;43;118;64;75;43;87;35;89;34;103;37;66;45;68;45;71;39;176;53;68;35;70;36;70;48;72;42;69;47;69;39;65;48;109;56;77;47;74;40;76;51;78;62;73;53;77;57;70;52;99;67;75;49;70;57;70;46;105
2022-01-24;13:30:07.675006;2315007;2315000;4345.5;1;1;4345.75;4345.5;55;11;402;395;4345;4344.75;32;6;25;23;20;34;35;51;25;28;28;55;25;45;24;69;115;48;29;53;28;67;43;118;64;75;43;87;35;89;34;103;37;66;45;68;45;71;39;176;53;68;35;70;36;70;48;72;42;69;47;69;39;65;48;109;56;77;47;74;40;76;51;78;62;73;53;77;57;70;52;99;67;75;49;70;57;70;46;105
2022-01-24;13:30:07.675007;2315008;2315000;4345.5;1;1;4345.75;4345.5;55;11;402;395;4345;4344.75;32;6;25;23;20;34;35;51;25;28;28;55;25;45;24;69;115;48;29;53;28;67;43;118;64;75;43;87;35;89;34;103;37;66;45;68;45;71;39;176;53;68;35;70;36;70;48;72;42;69;47;69;39;65;48;109;56;77;47;74;40;76;51;78;62;73;53;77;57;70;52;99;67;75;49;70;57;70;46;105
2022-01-24;13:30:07.675008;2315009;2315000;4345.5;1;1;4345.75;4345.5;55;11;402;395;4345;4344.75;32;6;25;23;20;34;35;51;25;28;28;55;25;45;24;69;115;48;29;53;28;67;43;118;64;75;43;87;35;89;34;103;37;66;45;68;45;71;39;176;53;68;35;70;36;70;48;72;42;69;47;69;39;65;48;109;56;77;47;74;40;76;51;78;62;73;53;77;57;70;52;99;67;75;49;70;57;70;46;105
2022-01-24;13:30:07.677000;2315030;2315029;4345.5;2;2;4345.5;4345.25;19;21;344;420;4345;4344.75;32;6;25;23;20;34;35;51;25;28;28;55;25;45;24;69;115;48;29;53;28;67;43;118;64;75;43;87;35;89;34;103;37;66;45;68;45;71;39;176;53;68;35;70;36;70;48;72;42;69;47;69;39;65;48;109;56;77;47;74;40;76;51;78;62;73;53;77;57;70;52;99;67;75;49;70;57;70;46;105
2022-01-24;13:30:07.719000;2315048;2315047;4345.25;1;1;4345.5;4345.25;28;16;349;413;4345;4344.75;32;6;25;23;20;34;35;51;25;28;28;55;25;45;24;69;115;48;29;53;28;67;43;118;64;75;43;87;35;89;34;103;37;66;45;68;45;71;39;176;53;68;35;70;36;70;48;72;42;69;47;69;39;65;48;109;56;77;47;74;40;76;51;78;62;73;53;77;57;70;52;99;67;75;49;70;57;70;46;105
2022-01-24;13:30:07.719001;2315049;2315047;4345.25;1;1;4345.5;4345.25;28;16;349;413;4345;4344.75;32;6;25;23;20;34;35;51;25;28;28;55;25;45;24;69;115;48;29;53;28;67;43;118;64;75;43;87;35;89;34;103;37;66;45;68;45;71;39;176;53;68;35;70;36;70;48;72;42;69;47;69;39;65;48;109;56;77;47;74;40;76;51;78;62;73;53;77;57;70;52;99;67;75;49;70;57;70;46;105
2022-01-24;13:30:07.719002;2315050;2315047;4345.25;1;1;4345.5;4345.25;28;16;349;413;4345;4344.75;32;6;25;23;20;34;35;51;25;28;28;55;25;45;24;69;115;48;29;53;28;67;43;118;64;75;43;87;35;89;34;103;37;66;45;68;45;71;39;176;53;68;35;70;36;70;48;72;42;69;47;69;39;65;48;109;56;77;47;74;40;76;51;78;62;73;53;77;57;70;52;99;67;75;49;70;57;70;46;105
2022-01-24;13:30:07.719003;2315051;2315047;4345.25;1;1;4345.5;4345.25;28;16;349;413;4345;4344.75;32;6;25;23;20;34;35;51;25;28;28;55;25;45;24;69;115;48;29;53;28;67;43;118;64;75;43;87;35;89;34;103;37;66;45;68;45;71;39;176;53;68;35;70;36;70;48;72;42;69;47;69;39;65;48;109;56;77;47;74;40;76;51;78;62;73;53;77;57;70;52;99;67;75;49;70;57;70;46;105
2022-01-24;13:30:07.719004;2315052;2315047;4345.25;1;1;4345.5;4345.25;28;16;349;413;4345;4344.75;32;6;25;23;20;34;35;51;25;28;28;55;25;45;24;69;115;48;29;53;28;67;43;118;64;75;43;87;35;89;34;103;37;66;45;68;45;71;39;176;53;68;35;70;36;70;48;72;42;69;47;69;39;65;48;109;56;77;47;74;40;76;51;78;62;73;53;77;57;70;52;99;67;75;49;70;57;70;46;105
2022-01-24;13:30:07.719005;2315053;2315047;4345.25;1;1;4345.5;4345.25;28;16;349;413;4345;4344.75;32;6;25;23;20;34;35;51;25;28;28;55;25;45;24;69;115;48;29;53;28;67;43;118;64;75;43;87;35;89;34;103;37;66;45;68;45;71;39;176;53;68;35;70;36;70;48;72;42;69;47;69;39;65;48;109;56;77;47;74;40;76;51;78;62;73;53;77;57;70;52;99;67;75;49;70;57;70;46;105
2022-01-24;13:30:07.719006;2315054;2315047;4345.25;5;1;4345.5;4345.25;28;16;349;413;4345;4344.75;32;6;25;23;20;34;35;51;25;28;28;55;25;45;24;69;115;48;29;53;28;67;43;118;64;75;43;87;35;89;34;103;37;66;45;68;45;71;39;176;53;68;35;70;36;70;48;72;42;69;47;69;39;65;48;109;56;77;47;74;40;76;51;78;62;73;53;77;57;70;52;99;67;75;49;70;57;70;46;105
2022-01-24;13:30:07.719007;2315055;2315047;4345.25;1;1;4345.5;4345.25;28;16;349;413;4345;4344.75;32;6;25;23;20;34;35;51;25;28;28;55;25;45;24;69;115;48;29;53;28;67;43;118;64;75;43;87;35;89;34;103;37;66;45;68;45;71;39;176;53;68;35;70;36;70;48;72;42;69;47;69;39;65;48;109;56;77;47;74;40;76;51;78;62;73;53;77;57;70;52;99;67;75;49;70;57;70;46;105
2022-01-24;13:30:07.719008;2315056;2315047;4345.25;1;1;4345.5;4345.25;28;16;349;413;4345;4344.75;32;6;25;23;20;34;35;51;25;28;28;55;25;45;24;69;115;48;29;53;28;67;43;118;64;75;43;87;35;89;34;103;37;66;45;68;45;71;39;176;53;68;35;70;36;70;48;72;42;69;47;69;39;65;48;109;56;77;47;74;40;76;51;78;62;73;53;77;57;70;52;99;67;75;49;70;57;70;46;105
2022-01-24;13:30:07.719009;2315057;2315047;4345.25;1;1;4345.5;4345.25;28;16;349;413;4345;4344.75;32;6;25;23;20;34;35;51;25;28;28;55;25;45;24;69;115;48;29;53;28;67;43;118;64;75;43;87;35;89;34;103;37;66;45;68;45;71;39;176;53;68;35;70;36;70;48;72;42;69;47;69;39;65;48;109;56;77;47;74;40;76;51;78;62;73;53;77;57;70;52;99;67;75;49;70;57;70;46;105
2022-01-24;13:30:07.719010;2315058;2315047;4345.25;1;1;4345.5;4345.25;28;16;349;413;4345;4344.75;32;6;25;23;20;34;35;51;25;28;28;55;25;45;24;69;115;48;29;53;28;67;43;118;64;75;43;87;35;89;34;103;37;66;45;68;45;71;39;176;53;68;35;70;36;70;48;72;42;69;47;69;39;65;48;109;56;77;47;74;40;76;51;78;62;73;53;77;57;70;52;99;67;75;49;70;57;70;46;105
2022-01-24;13:30:07.719011;2315059;2315047;4345.25;1;1;4345.5;4345.25;28;16;349;413;4345;4344.75;32;6;25;23;20;34;35;51;25;28;28;55;25;45;24;69;115;48;29;53;28;67;43;118;64;75;43;87;35;89;34;103;37;66;45;68;45;71;39;176;53;68;35;70;36;70;48;72;42;69;47;69;39;65;48;109;56;77;47;74;40;76;51;78;62;73;53;77;57;70;52;99;67;75;49;70;57;70;46;105
2022-01-24;13:30:07.719012;2315060;2315047;4345;1;1;4345.5;4345.25;28;16;349;413;4345;4344.75;32;6;25;23;20;34;35;51;25;28;28;55;25;45;24;69;115;48;29;53;28;67;43;118;64;75;43;87;35;89;34;103;37;66;45;68;45;71;39;176;53;68;35;70;36;70;48;72;42;69;47;69;39;65;48;109;56;77;47;74;40;76;51;78;62;73;53;77;57;70;52;99;67;75;49;70;57;70;46;105
2022-01-24;13:30:07.719013;2315061;2315047;4345;2;1;4345.5;4345.25;28;16;349;413;4345;4344.75;32;6;25;23;20;34;35;51;25;28;28;55;25;45;24;69;115;48;29;53;28;67;43;118;64;75;43;87;35;89;34;103;37;66;45;68;45;71;39;176;53;68;35;70;36;70;48;72;42;69;47;69;39;65;48;109;56;77;47;74;40;76;51;78;62;73;53;77;57;70;52;99;67;75;49;70;57;70;46;105
2022-01-24;13:30:07.719014;2315062;2315047;4345;1;1;4345.5;4345.25;28;16;349;413;4345;4344.75;32;6;25;23;20;34;35;51;25;28;28;55;25;45;24;69;115;48;29;53;28;67;43;118;64;75;43;87;35;89;34;103;37;66;45;68;45;71;39;176;53;68;35;70;36;70;48;72;42;69;47;69;39;65;48;109;56;77;47;74;40;76;51;78;62;73;53;77;57;70;52;99;67;75;49;70;57;70;46;105
2022-01-24;13:30:07.719015;2315063;2315047;4345;1;1;4345.5;4345.25;28;16;349;413;4345;4344.75;32;6;25;23;20;34;35;51;25;28;28;55;25;45;24;69;115;48;29;53;28;67;43;118;64;75;43;87;35;89;34;103;37;66;45;68;45;71;39;176;53;68;35;70;36;70;48;72;42;69;47;69;39;65;48;109;56;77;47;74;40;76;51;78;62;73;53;77;57;70;52;99;67;75;49;70;57;70;46;105
2022-01-24;13:30:07.719016;2315064;2315047;4345;1;1;4345.5;4345.25;28;16;349;413;4345;4344.75;32;6;25;23;20;34;35;51;25;28;28;55;25;45;24;69;115;48;29;53;28;67;43;118;64;75;43;87;35;89;34;103;37;66;45;68;45;71;39;176;53;68;35;70;36;70;48;72;42;69;47;69;39;65;48;109;56;77;47;74;40;76;51;78;62;73;53;77;57;70;52;99;67;75;49;70;57;70;46;105
2022-01-24;13:30:07.719017;2315065;2315047;4345;2;1;4345.5;4345.25;28;16;349;413;4345;4344.75;32;6;25;23;20;34;35;51;25;28;28;55;25;45;24;69;115;48;29;53;28;67;43;118;64;75;43;87;35;89;34;103;37;66;45;68;45;71;39;176;53;68;35;70;36;70;48;72;42;69;47;69;39;65;48;109;56;77;47;74;40;76;51;78;62;73;53;77;57;70;52;99;67;75;49;70;57;70;46;105
2022-01-24;13:30:07.719018;2315066;2315047;4345;1;1;4345.5;4345.25;28;16;349;413;4345;4344.75;32;6;25;23;20;34;35;51;25;28;28;55;25;45;24;69;115;48;29;53;28;67;43;118;64;75;43;87;35;89;34;103;37;66;45;68;45;71;39;176;53;68;35;70;36;70;48;72;42;69;47;69;39;65;48;109;56;77;47;74;40;76;51;78;62;73;53;77;57;70;52;99;67;75;49;70;57;70;46;105
2022-01-24;13:30:07.719019;2315067;2315047;4345;1;1;4345.5;4345.25;28;16;349;413;4345;4344.75;32;6;25;23;20;34;35;51;25;28;28;55;25;45;24;69;115;48;29;53;28;67;43;118;64;75;43;87;35;89;34;103;37;66;45;68;45;71;39;176;53;68;35;70;36;70;48;72;42;69;47;69;39;65;48;109;56;77;47;74;40;76;51;78;62;73;53;77;57;70;52;99;67;75;49;70;57;70;46;105
2022-01-24;13:30:07.719020;2315068;2315047;4345;1;1;4345.5;4345.25;28;16;349;413;4345;4344.75;32;6;25;23;20;34;35;51;25;28;28;55;25;45;24;69;115;48;29;53;28;67;43;118;64;75;43;87;35;89;34;103;37;66;45;68;45;71;39;176;53;68;35;70;36;70;48;72;42;69;47;69;39;65;48;109;56;77;47;74;40;76;51;78;62;73;53;77;57;70;52;99;67;75;49;70;57;70;46;105
2022-01-24;13:30:07.719021;2315069;2315047;4345;10;1;4345.5;4345.25;28;16;349;413;4345;4344.75;32;6;25;23;20;34;35;51;25;28;28;55;25;45;24;69;115;48;29;53;28;67;43;118;64;75;43;87;35;89;34;103;37;66;45;68;45;71;39;176;53;68;35;70;36;70;48;72;42;69;47;69;39;65;48;109;56;77;47;74;40;76;51;78;62;73;53;77;57;70;52;99;67;75;49;70;57;70;46;105
2022-01-24;13:30:07.719022;2315070;2315047;4345;1;1;4345.5;4345.25;28;16;349;413;4345;4344.75;32;6;25;23;20;34;35;51;25;28;28;55;25;45;24;69;115;48;29;53;28;67;43;118;64;75;43;87;35;89;34;103;37;66;45;68;45;71;39;176;53;68;35;70;36;70;48;72;42;69;47;69;39;65;48;109;56;77;47;74;40;76;51;78;62;73;53;77;57;70;52;99;67;75;49;70;57;70;46;105
2022-01-24;13:30:07.719023;2315071;2315047;4345;1;1;4345.5;4345.25;28;16;349;413;4345;4344.75;32;6;25;23;20;34;35;51;25;28;28;55;25;45;24;69;115;48;29;53;28;67;43;118;64;75;43;87;35;89;34;103;37;66;45;68;45;71;39;176;53;68;35;70;36;70;48;72;42;69;47;69;39;65;48;109;56;77;47;74;40;76;51;78;62;73;53;77;57;70;52;99;67;75;49;70;57;70;46;105
2022-01-24;13:30:07.719024;2315072;2315047;4345;1;1;4345.5;4345.25;28;16;349;413;4345;4344.75;32;6;25;23;20;34;35;51;25;28;28;55;25;45;24;69;115;48;29;53;28;67;43;118;64;75;43;87;35;89;34;103;37;66;45;68;45;71;39;176;53;68;35;70;36;70;48;72;42;69;47;69;39;65;48;109;56;77;47;74;40;76;51;78;62;73;53;77;57;70;52;99;67;75;49;70;57;70;46;105
2022-01-24;13:30:07.719025;2315073;2315047;4345;2;1;4345.5;4345.25;28;16;349;413;4345;4344.75;32;6;25;23;20;34;35;51;25;28;28;55;25;45;24;69;115;48;29;53;28;67;43;118;64;75;43;87;35;89;34;103;37;66;45;68;45;71;39;176;53;68;35;70;36;70;48;72;42;69;47;69;39;65;48;109;56;77;47;74;40;76;51;78;62;73;53;77;57;70;52;99;67;75;49;70;57;70;46;105
2022-01-24;13:30:07.719026;2315074;2315047;4345;5;1;4345.5;4345.25;28;16;349;413;4345;4344.75;32;6;25;23;20;34;35;51;25;28;28;55;25;45;24;69;115;48;29;53;28;67;43;118;64;75;43;87;35;89;34;103;37;66;45;68;45;71;39;176;53;68;35;70;36;70;48;72;42;69;47;69;39;65;48;109;56;77;47;74;40;76;51;78;62;73;53;77;57;70;52;99;67;75;49;70;57;70;46;105
2022-01-24;13:30:07.719027;2315075;2315047;4345;2;1;4345.5;4345.25;28;16;349;413;4345;4344.75;32;6;25;23;20;34;35;51;25;28;28;55;25;45;24;69;115;48;29;53;28;67;43;118;64;75;43;87;35;89;34;103;37;66;45;68;45;71;39;176;53;68;35;70;36;70;48;72;42;69;47;69;39;65;48;109;56;77;47;74;40;76;51;78;62;73;53;77;57;70;52;99;67;75;49;70;57;70;46;105
2022-01-24;13:30:07.719028;2315076;2315047;4345;1;1;4345.5;4345.25;28;16;349;413;4345;4344.75;32;6;25;23;20;34;35;51;25;28;28;55;25;45;24;69;115;48;29;53;28;67;43;118;64;75;43;87;35;89;34;103;37;66;45;68;45;71;39;176;53;68;35;70;36;70;48;72;42;69;47;69;39;65;48;109;56;77;47;74;40;76;51;78;62;73;53;77;57;70;52;99;67;75;49;70;57;70;46;105
2022-01-24;13:30:07.719029;2315077;2315047;4345;1;1;4345.5;4345.25;28;16;349;413;4345;4344.75;32;6;25;23;20;34;35;51;25;28;28;55;25;45;24;69;115;48;29;53;28;67;43;118;64;75;43;87;35;89;34;103;37;66;45;68;45;71;39;176;53;68;35;70;36;70;48;72;42;69;47;69;39;65;48;109;56;77;47;74;40;76;51;78;62;73;53;77;57;70;52;99;67;75;49;70;57;70;46;105
2022-01-24;13:30:07.719030;2315078;2315047;4345;1;1;4345.5;4345.25;28;16;349;413;4345;4344.75;32;6;25;23;20;34;35;51;25;28;28;55;25;45;24;69;115;48;29;53;28;67;43;118;64;75;43;87;35;89;34;103;37;66;45;68;45;71;39;176;53;68;35;70;36;70;48;72;42;69;47;69;39;65;48;109;56;77;47;74;40;76;51;78;62;73;53;77;57;70;52;99;67;75;49;70;57;70;46;105
2022-01-24;13:30:07.719031;2315079;2315047;4345;1;1;4345.5;4345.25;28;16;349;413;4345;4344.75;32;6;25;23;20;34;35;51;25;28;28;55;25;45;24;69;115;48;29;53;28;67;43;118;64;75;43;87;35;89;34;103;37;66;45;68;45;71;39;176;53;68;35;70;36;70;48;72;42;69;47;69;39;65;48;109;56;77;47;74;40;76;51;78;62;73;53;77;57;70;52;99;67;75;49;70;57;70;46;105
2022-01-24;13:30:07.719032;2315080;2315047;4345;1;1;4345.5;4345.25;28;16;349;413;4345;4344.75;32;6;25;23;20;34;35;51;25;28;28;55;25;45;24;69;115;48;29;53;28;67;43;118;64;75;43;87;35;89;34;103;37;66;45;68;45;71;39;176;53;68;35;70;36;70;48;72;42;69;47;69;39;65;48;109;56;77;47;74;40;76;51;78;62;73;53;77;57;70;52;99;67;75;49;70;57;70;46;105
2022-01-24;13:30:07.719033;2315081;2315047;4345;1;1;4345.5;4345.25;28;16;349;413;4345;4344.75;32;6;25;23;20;34;35;51;25;28;28;55;25;45;24;69;115;48;29;53;28;67;43;118;64;75;43;87;35;89;34;103;37;66;45;68;45;71;39;176;53;68;35;70;36;70;48;72;42;69;47;69;39;65;48;109;56;77;47;74;40;76;51;78;62;73;53;77;57;70;52;99;67;75;49;70;57;70;46;105
2022-01-24;13:30:07.719034;2315082;2315047;4345;1;1;4345.5;4345.25;28;16;349;413;4345;4344.75;32;6;25;23;20;34;35;51;25;28;28;55;25;45;24;69;115;48;29;53;28;67;43;118;64;75;43;87;35;89;34;103;37;66;45;68;45;71;39;176;53;68;35;70;36;70;48;72;42;69;47;69;39;65;48;109;56;77;47;74;40;76;51;78;62;73;53;77;57;70;52;99;67;75;49;70;57;70;46;105
2022-01-24;13:30:07.719035;2315083;2315047;4344.75;1;1;4345.5;4345.25;28;16;349;413;4345;4344.75;32;6;25;23;20;34;35;51;25;28;28;55;25;45;24;69;115;48;29;53;28;67;43;118;64;75;43;87;35;89;34;103;37;66;45;68;45;71;39;176;53;68;35;70;36;70;48;72;42;69;47;69;39;65;48;109;56;77;47;74;40;76;51;78;62;73;53;77;57;70;52;99;67;75;49;70;57;70;46;105
2022-01-24;13:30:07.719036;2315084;2315047;4344.75;1;1;4345.5;4345.25;28;16;349;413;4345;4344.75;32;6;25;23;20;34;35;51;25;28;28;55;25;45;24;69;115;48;29;53;28;67;43;118;64;75;43;87;35;89;34;103;37;66;45;68;45;71;39;176;53;68;35;70;36;70;48;72;42;69;47;69;39;65;48;109;56;77;47;74;40;76;51;78;62;73;53;77;57;70;52;99;67;75;49;70;57;70;46;105
2022-01-24;13:30:07.719037;2315085;2315047;4344.75;1;1;4345.5;4345.25;28;16;349;413;4345;4344.75;32;6;25;23;20;34;35;51;25;28;28;55;25;45;24;69;115;48;29;53;28;67;43;118;64;75;43;87;35;89;34;103;37;66;45;68;45;71;39;176;53;68;35;70;36;70;48;72;42;69;47;69;39;65;48;109;56;77;47;74;40;76;51;78;62;73;53;77;57;70;52;99;67;75;49;70;57;70;46;105
2022-01-24;13:30:07.719038;2315086;2315047;4344.75;1;1;4345.5;4345.25;28;16;349;413;4345;4344.75;32;6;25;23;20;34;35;51;25;28;28;55;25;45;24;69;115;48;29;53;28;67;43;118;64;75;43;87;35;89;34;103;37;66;45;68;45;71;39;176;53;68;35;70;36;70;48;72;42;69;47;69;39;65;48;109;56;77;47;74;40;76;51;78;62;73;53;77;57;70;52;99;67;75;49;70;57;70;46;105
2022-01-24;13:30:07.719039;2315087;2315047;4344.75;1;1;4345.5;4345.25;28;16;349;413;4345;4344.75;32;6;25;23;20;34;35;51;25;28;28;55;25;45;24;69;115;48;29;53;28;67;43;118;64;75;43;87;35;89;34;103;37;66;45;68;45;71;39;176;53;68;35;70;36;70;48;72;42;69;47;69;39;65;48;109;56;77;47;74;40;76;51;78;62;73;53;77;57;70;52;99;67;75;49;70;57;70;46;105
2022-01-24;13:30:07.719040;2315088;2315047;4344.75;1;1;4345.5;4345.25;28;16;349;413;4345;4344.75;32;6;25;23;20;34;35;51;25;28;28;55;25;45;24;69;115;48;29;53;28;67;43;118;64;75;43;87;35;89;34;103;37;66;45;68;45;71;39;176;53;68;35;70;36;70;48;72;42;69;47;69;39;65;48;109;56;77;47;74;40;76;51;78;62;73;53;77;57;70;52;99;67;75;49;70;57;70;46;105
2022-01-24;13:30:07.719041;2315089;2315047;4344.75;1;1;4345.5;4345.25;28;16;349;413;4345;4344.75;32;6;25;23;20;34;35;51;25;28;28;55;25;45;24;69;115;48;29;53;28;67;43;118;64;75;43;87;35;89;34;103;37;66;45;68;45;71;39;176;53;68;35;70;36;70;48;72;42;69;47;69;39;65;48;109;56;77;47;74;40;76;51;78;62;73;53;77;57;70;52;99;67;75;49;70;57;70;46;105
2022-01-24;13:30:07.719042;2315090;2315047;4344.75;1;1;4345.5;4345.25;28;16;349;413;4345;4344.75;32;6;25;23;20;34;35;51;25;28;28;55;25;45;24;69;115;48;29;53;28;67;43;118;64;75;43;87;35;89;34;103;37;66;45;68;45;71;39;176;53;68;35;70;36;70;48;72;42;69;47;69;39;65;48;109;56;77;47;74;40;76;51;78;62;73;53;77;57;70;52;99;67;75;49;70;57;70;46;105
2022-01-24;13:30:07.719043;2315091;2315047;4344.75;1;1;4345.5;4345.25;28;16;349;413;4345;4344.75;32;6;25;23;20;34;35;51;25;28;28;55;25;45;24;69;115;48;29;53;28;67;43;118;64;75;43;87;35;89;34;103;37;66;45;68;45;71;39;176;53;68;35;70;36;70;48;72;42;69;47;69;39;65;48;109;56;77;47;74;40;76;51;78;62;73;53;77;57;70;52;99;67;75;49;70;57;70;46;105
2022-01-24;13:30:07.719044;2315092;2315047;4344.75;1;1;4345.5;4345.25;28;16;349;413;4345;4344.75;32;6;25;23;20;34;35;51;25;28;28;55;25;45;24;69;115;48;29;53;28;67;43;118;64;75;43;87;35;89;34;103;37;66;45;68;45;71;39;176;53;68;35;70;36;70;48;72;42;69;47;69;39;65;48;109;56;77;47;74;40;76;51;78;62;73;53;77;57;70;52;99;67;75;49;70;57;70;46;105
2022-01-24;13:30:07.719045;2315093;2315047;4344.75;1;1;4345.5;4345.25;28;16;349;413;4345;4344.75;32;6;25;23;20;34;35;51;25;28;28;55;25;45;24;69;115;48;29;53;28;67;43;118;64;75;43;87;35;89;34;103;37;66;45;68;45;71;39;176;53;68;35;70;36;70;48;72;42;69;47;69;39;65;48;109;56;77;47;74;40;76;51;78;62;73;53;77;57;70;52;99;67;75;49;70;57;70;46;105
2022-01-24;13:30:07.719046;2315094;2315047;4344.75;2;1;4345.5;4345.25;28;16;349;413;4345;4344.75;32;6;25;23;20;34;35;51;25;28;28;55;25;45;24;69;115;48;29;53;28;67;43;118;64;75;43;87;35;89;34;103;37;66;45;68;45;71;39;176;53;68;35;70;36;70;48;72;42;69;47;69;39;65;48;109;56;77;47;74;40;76;51;78;62;73;53;77;57;70;52;99;67;75;49;70;57;70;46;105
2022-01-24;13:30:07.719047;2315095;2315047;4344.75;1;1;4345.5;4345.25;28;16;349;413;4345;4344.75;32;6;25;23;20;34;35;51;25;28;28;55;25;45;24;69;115;48;29;53;28;67;43;118;64;75;43;87;35;89;34;103;37;66;45;68;45;71;39;176;53;68;35;70;36;70;48;72;42;69;47;69;39;65;48;109;56;77;47;74;40;76;51;78;62;73;53;77;57;70;52;99;67;75;49;70;57;70;46;105
